4467 6167
1113 1259 1133 1310 V

610 1513 666 1580 Sic
687 1512 729 1579 ad
754 1510 950 1578 ornandum
969 1510 1063 1579 hunc
1080 1542 1094 1574 α
1123 1513 1225 1580 locun
1256 1544 1284 1596 e,
1304 1535 1409 1602 quem
1432 1543 1446 1575 «
1483 1515 1526 1582 de
1546 1514 1601 1581 dis
1622 1515 1678 1581 im-

565 1618 802 1688 mortalibus»
824 1620 898 1709 ipse
911 1620 1100 1709 appellavit
1120 1621 1181 1706 (1),
1196 1626 1314 1687 noster
1329 1628 1445 1687 orator
1455 1621 1498 1688 ad
1519 1644 1577 1688 eos
1607 1620 1681 1711 phi-

563 1727 727 1817 losophos
747 1728 830 1793 satis
850 1732 1049 1793 constanter
1076 1749 1112 1792 se
1144 1727 1379 1793 conferentem
1407 1726 1580 1813 videmus
1598 1750 1678 1816 quo·
1758 1744 1760 1751 '

564 1857 643 1902 rum
674 1835 880 1901 sententiam
910 1855 989 1900 cum
1025 1839 1043 1892 κ’
1071 1831 1244 1921 majorum
1278 1833 1448 1918 sapientia
1480 1864 1494 1894 l
1530 1835 1679 1901 maxime

561 1963 752 2029 congruere
770 1962 868 2030 posse
884 1939 1113 2027 intelligebat,
1131 1961 1287 2028 quosque
1309 1939 1447 2007 eosdem
1463 1945 1501 2006 ut
1531 1927 1680 2030 philoso-

562 2051 651 2138 phus
667 2048 702 2113 in
715 2046 846 2114 eisdem
861 2045 963 2113 rebus
983 2052 1126 2113 eatenus
1139 2069 1175 2113 se
1188 2075 1202 2108 α
1218 2047 1363 2136 probare
1380 2078 1393 2106 υ
1411 2047 1633 2136 significavit,
1646 2054 1679 2114 ut
1697 2076 1699 2078 ’

559 2176 603 2221 ne
620 2182 634 2215 α
650 2154 989 2243 pietatesanctitate,
1003 2152 1186 2241 religione,
1196 2153 1353 2236 sublatis
1368 2154 1583 2244 perturbatio
1593 2157 1680 2222 vitae

560 2283 755 2350 magnaque
769 2261 927 2328 contusio
942 2260 1201 2349 sequereturr2)
1221 2282 1249 2328 n:
1265 2262 1298 2326 in
1316 2262 1377 2328 illo
1392 2268 1508 2329 antem
1532 2289 1547 2323 (ι
1562 2262 1636 2329 loco
1654 2298 1678 2347 »‚

560 2390 665 2457 quem
684 2398 697 2427 ιι
715 2372 756 2435 de
773 2374 884 2433 morte
902 2396 916 2425 n
940 2369 1076 2434 vocavit
1090 2369 1155 2454 (3),
1179 2390 1259 2434 cum
1292 2368 1389 2435 nulla
1409 2368 1581 2458 ejusmodi
1608 2375 1679 2458 lege

560 2474 733 2563 obligatus
750 2475 815 2541 sibi
831 2473 1017 2559 videretur,
1029 2475 1103 2563 ipsa
1120 2475 1270 2541 varietas
1282 2475 1499 2565 opinionum,
1515 2500 1601 2565 quas
1622 2500 1681 2567 per

559 2585 732 2652 orationes
745 2581 875 2660 emisit,
887 2580 928 2647 ad
941 2602 1017 2647 eam
1036 2582 1206 2648 rationem
1221 2582 1293 2649 fere
1313 2582 1423 2670 redigi
1434 2583 1538 2649 etiam
1556 2590 1678 2673 potest,
1706 2668 1708 2673 ,

559 2713 663 2781 quam
679 2697 717 2756 ut
738 2686 967 2778 philosophus
981 2689 1017 2754 in
1033 2711 1072 2754 ea
1088 2710 1124 2755 re
1145 2695 1283 2755 secutus
1310 2696 1373 2756 est.
1396 2729 1437 2738 —
1473 2692 1563 2757 Nam
1589 2690 1676 2779 quod

559 2799 595 2863 in
609 2798 758 2864 Cluentii
784 2795 985 2862 defensione
1000 2795 1072 2861 dati
1106 2795 1300 2884 Oppianico
1329 2797 1455 2864 veneni
1476 2797 1610 2863 crimen
1635 2801 1679 2864 ita

559 2904 698 2979 retollit,
713 2910 750 2970 ut
765 2902 1164 2976 contendatCluentium
1182 2900 1269 2968 nihil
1283 2901 1444 2969 habuisse
1459 2926 1521 2970 cur
1538 2903 1678 2971 inimico

558 3035 621 3079 suo
655 3010 866 3100 «damnato,
889 3009 1012 3088 exsuli,
1046 3008 1183 3076 deserto
1208 3010 1250 3076 ab
1275 3010 1438 3077 omnibus
1470 3038 1500 3091 »,
1531 3019 1677 3077 mortem

559 3127 733 3186 maturare
755 3119 872 3202 vellet,
896 3147 910 3178 «
934 3116 1026 3206 quod
1052 3116 1102 3182 illi
1123 3140 1234 3183 unum
1258 3122 1349 3185 esset
1368 3117 1569 3207 perfugium
1589 3118 1677 3184 cala-

558 3226 688 3293 mitatis
709 3225 757 3315 (1)
781 3254 811 3309 »‚
829 3266 866 3273 —
884 3224 973 3291 hanc
992 3224 1332 3312 argumentationem
1355 3224 1546 3291 deducebat
1561 3222 1603 3292 ad
1619 3228 1677 3291 de-

557 3331 718 3399 ridendas
734 3355 820 3399 eas«
844 3332 980 3419 ineptas
1005 3361 1019 3392 »
1039 3329 1081 3397 de
1107 3330 1299 3396 interorum
1327 3331 1509 3421 suppliciis
1538 3357 1553 3395 a
1582 3331 1676 3398 fabu·

558 3439 606 3506 las
628 3465 645 3504 n
669 3439 729 3528 (5),
752 3461 772 3504 a
798 3438 924 3526 quibus
941 3437 1105 3504 similiter
1127 3436 1310 3504 irridendis
1338 3460 1437 3504 suam
1462 3465 1477 3499 «
1513 3438 1676 3506 Tuscula·

555 3568 670 3612 nam»
706 3544 746 3611 de
767 3552 877 3611 morte
910 3545 1182 3634 disputationem
1212 3567 1312 3611 orsus
1346 3549 1398 3611 est
1425 3548 1489 3632 (6).
1520 3545 1676 3635 Cumque

555 3652 662 3719 simili
675 3657 881 3741 argumento
898 3652 1022 3720 Caesar
1038 3650 1160 3718 eodem
1175 3651 1248 3719 fere
1268 3650 1371 3718 modo
1391 3654 1426 3717 in
1458 3662 1581 3719 senatu
1603 3660 1673 3719 ute-

556 3761 708 3849 retnrt'l)
720 3758 762 3826 ad
780 3758 1010 3841 suadendum,
1027 3759 1199 3828 Catilinae
1214 3759 1441 3825 consiliorum
1452 3759 1557 3826 sociis
1568 3760 1676 3826 vitam

598 3962 625 4078 1)
639 3959 686 4008 Vel
704 3977 715 4005 l
732 3959 763 4009 de
779 3960 879 4023 pietate
895 3980 917 4018 n,
928 3959 962 4009 cf.
972 3960 1010 4008 De
1021 3959 1065 4008 Or.
1080 3960 1099 4019 1,
1111 3962 1150 4019 56,
1162 3961 1191 4009 85
1203 3974 1209 4020 ;
1224 3961 1257 4021 11,
1270 3963 1299 4009 ct
1312 3976 1318 4021 ;
1333 3988 1362 3997 -
1375 3963 1448 4012 auti«
1468 3960 1500 4010 de
1517 3959 1653 4024 religione
1667 3980 1678 4002 »ι

592 4047 607 4080 a
625 4070 630 4079 .

557 4031 592 4080 Or
647 4034 692 4081 118
1650 4083 1654 4089 ,

587 4104 619 4164 (2)
636 4103 674 4152 Cf.
693 4105 728 4151 De
746 4104 807 4151 Nat.
823 4103 901 4151 Deor.
920 4105 939 4163 1,
953 4108 1018 4165 3,-
1029 4102 1076 4152 ubi
1091 4103 1123 4152 de
1139 4104 1271 4167 Epicurea
1283 4102 1406 4153 doctrina
1423 4102 1530 4153 dicitur.
1555 4159 1557 4164 1

586 4177 618 4235 (a)
635 4174 672 4224 cs.
691 4176 729 4223 ne
745 4175 787 4224 ον.
805 4175 824 4232 1,
840 4176 878 4222 cr.

587 4247 619 4306 (1(
637 4249 663 4294 et
678 4248 710 4308 (5)
726 4249 755 4295 P.
775 4245 905 4298 Cluentio,
923 4248 966 4294 111)
984 4248 1026 4295 111
1043 4261 1048 4293 :
1064 4266 1075 4290 (ι
1138 4248 1207 4296 Nam
1222 4259 1295 4295 nunc
1310 4246 1419 4308 quidem
1433 4246 1497 4310 quid
1513 4245 1623 4295 tandem
1638 4245 1677 4293 illi

554 4332 628 4366 mors
643 4318 757 4366 attulit?
773 4317 827 4365 nisi
843 4316 910 4366 forte
923 4318 1022 4381 ineptis
1036 4316 1138 4365 tabulis
1153 4316 1286 4375 ducimur,
1302 4320 1333 4365 ut
1345 4318 1533 4366 existimemus
1548 4317 1629 4366 illum
1643 4316 1675 4365 ed

557 4389 658 4438 interos
676 4389 822 4451 impiorum
848 4388 981 4451 supplicia
1004 4388 1121 4452 perferre
1148 4402 1179 4436 ac
1201 4387 1293 4451 plures
1313 4388 1368 4437 illic
1392 4388 1527 4437 attendere
1550 4388 1676 4436 inimicos

554 4474 637 4524 quam
650 4461 691 4508 hic
703 4460 876 4521 reliquisse‚a
888 4473 990 4517 socrus,
999 4460 1032 4508 ab
1044 4473 1166 4508 uxorum.
1178 4474 1193 4508 a
1206 4458 1305 4515 fratris,
1320 4474 1335 4508 a
1348 4459 1464 4509 liberum
1477 4460 1572 4523 poenis
1585 4462 1675 4508 aetum

554 4547 613 4582 esse
630 4532 804 4595 praecipitem
822 4532 849 4578 in
867 4530 1059 4580 sceleratorum
1075 4530 1167 4579 sedem
1182 4544 1213 4579 ac
1229 4531 1375 4592 regionem.
1393 4532 1464 4589 Quae
1483 4532 1506 4579 si
1521 4531 1590 4579 false
1603 4533 1674 4590 sunt,

554 4604 580 4653 id
596 4603 667 4667 quod
683 4617 778 4652 omnes
794 4601 956 4664 intelligunt,
976 4602 1040 4665 quid
1056 4603 1080 4651 ei
1094 4601 1205 4651 tandem
1230 4601 1327 4664 eripuit
1350 4615 1423 4659 mors
1441 4605 1547 4665 praeter
1563 4615 1674 4651 sensum

556 4677 658 4725 doloris
673 4679 713 4725 1..
733 4695 743 4717 n

586 4750 619 4808 (61
635 4748 672 4797 Gl.
693 4746 798 4795 Tuscul.
816 4748 835 4804 l,
855 4747 919 4795 idn
938 4747 994 4804 llic,
1011 4759 1111 4808 quaeso
1125 4747 1237 4793 :numte
1251 4743 1300 4791 illa
1315 4745 1450 4793 terrent...
1468 4746 1517 4792 etc.
1534 4758 1560 4802 ›=;
1578 4743 1614 4791 cl.
1635 4747 1672 4793 36.

586 4821 618 4876 tlt
636 4820 710 4867 Sicut
724 4820 835 4880 apparet
857 4832 887 4866 ex
911 4817 1034 4865 Tulliana
1050 4818 1077 4865 in
1094 4815 1239 4867 Catilinam
1262 4814 1383 4863 oratione
1403 4815 1446 4872 tv.
1467 4828 1524 4877 cap.
1539 4817 1552 4862 4
1570 4832 1575 4873 ;
1591 4842 1620 4849 —
1638 4815 1671 4863 ct.

554 4891 636 4939 etiam
654 4890 813 4939 Sallustium
836 4890 864 4937 in
880 4888 1007 4947 Catilina,
1021 4902 1079 4951 cap.
1094 4886 1135 4947 50,
1146 4888 1194 4947 §20
1209 4884 1339 4947 (Caesaris
1357 4887 1516 4948 orationem)
1526 4888 1552 4934 et
1567 4888 1605 4946 52,
1621 4888 1672 4945 §13

552 4961 671 5024 (Catonis
688 4961 859 5020 orationem).
