4467 6167
1030 870 1198 932 ,(2.-

556 1037 677 1099 tnatur
690 1031 757 1096 nisi
776 1033 979 1121 composite,
999 1040 1132 1115 ornate,
1154 1035 1290 1123 copiose
1316 1035 1424 1125 loqui,
1443 1058 1678 1126 parcarumque

554 1161 608 1205 res
626 1137 885 1227 inciderit,quae
895 1138 941 1207 sit
959 1138 1106 1207 dictione
1121 1141 1324 1230 replicanda
1337 1142 1382 1231 (1)
1396 1167 1402 1217 ;
1419 1165 1524 1232 quam
1534 1144 1676 1232 quidem

555 1245 725 1311 oratoriae
742 1244 915 1313 facultatis
932 1247 1148 1315 definiendae
1165 1250 1334 1317 rationem
1348 1250 1383 1315 in
1413 1250 1591 1339 prooemio
1602 1250 1676 1340 jam

556 1374 619 1418 suo
644 1352 787 1419 nomine
808 1353 977 1441 prolatam
995 1356 1042 1442 (2)
1058 1354 1178 1422 Cicero
1194 1378 1285 1423 nunc
1306 1356 1429 1424 Crasso
1451 1379 1514 1423 suo
1539 1356 1674 1442 tribuit,

556 1460 724 1550 quoniam
747 1459 783 1525 in
801 1458 866 1526 hoc
893 1459 969 1548 ipso
1012 1458 1213 1527 Scaevolam
1245 1462 1277 1528 ei
1297 1461 1541 1528 adversantem
1572 1461 1676 1528 facie·

558 1563 639 1652 hat(
664 1566 687 1654 ).

601 1673 673 1739 Hoc
701 1672 809 1759 igitur
834 1672 1101 1761 argumentandi
1149 1674 1249 1741 modo
1281 1674 1425 1742 Crassus
1456 1682 1676 1743 cumcontra

556 1779 757 1847 Scaevolam
772 1778 978 1846 contendit«
995 1781 1030 1846 in
1047 1781 1141 1847 omni
1158 1781 1674 1870 partehumanitatisoratorem

557 1887 748 1969 perfectum
780 1909 855 1953 esse
906 1885 1031 1953 debere
1066 1917 1096 1969 »,
1118 1895 1192 1955 tum
1231 1888 1457 1978 philosophos
1499 1893 1674 1956 oratorem

555 1999 815 2061 contemnentes
825 1994 873 2060 ita
888 1993 1027 2069 refutat,
1040 2000 1078 2060 ut
1095 1993 1348 2083 philosophiam
1365 1996 1439 2085 ipse
1452 2017 1674 2085 nequaquam

556 2107 755 2168 contemnat
770 2100 818 2191 (f)
841 2154 848 2178 ,
867 2099 926 2167 sed
951 2123 1026 2167 eam
1049 2122 1175 2191 magna
1200 2102 1339 2190 quidem
1356 2124 1397 2169 ex
1420 2110 1517 2191 parte
1546 2104 1675 2171 oratori

558 2208 610 2275 iel
641 2208 677 2274 in
691 2207 888 2275 forensibus
908 2207 1139 2297 civilibusque
1160 2211 1262 2276 rebus
1283 2210 1435 2277 versanti
1465 2231 1675 2299 coguoscen-

556 2315 635 2382 dam
657 2337 732 2381 esse
747 2314 973 2381 demonstret.
996 2316 1037 2381 Et
1055 2315 1195 2405 quidem
1223 2316 1287 2383 hoc
1312 2315 1545 2405 disputandi«
1564 2316 1675 2382 artifi-

555 2423 609 2490 cio
623 2423 670 2511 (5)
695 2451 709 2480 o
726 2421 890 2487 Scaevola
903 2423 1034 2488 victum
1045 2422 1229 2503 sefatetur,
1248 2445 1450 2512 quanquam
1464 2445 1500 2489 se
1513 2421 1675 2490 dubitare

556 2532 661 2599 etiam
683 2530 812 2597 indicat
828 2527 888 2618 (6),
905 2550 1018 2596 nonne
1038 2551 1078 2595 ea
1089 2529 1281 2596 multarum
1297 2530 1545 2619 variarumque
1554 2552 1674 2596 rerum

556 2638 711 2714 scientia,
740 2658 903 2726 -quam
931 2637 989 2725 qui
1022 2637 1151 2703 oratori
1194 2636 1410 2727 adjungeret,
1452 2637 1526 2726 ipse
1557 2643 1674 2705 tamen

557 2744 701 2814 Crassus
717 2765 753 2810 se
772 2742 955 2832 complecti
969 2743 1205 2832 negaverit·
1221 2744 1332 2832 magis
1346 2743 1440 2811 dictu
1451 2743 1675 2833 splendidum

555 2851 690 2939 aliquid
713 2872 819 2938 quam
840 2849 964 2916 effectu
984 2849 1085 2916 facile
1106 2850 1150 2916 sit
1173 2874 1182 2933 ς
1212 2872 1325 2940 neque
1354 2848 1509 2940 ejusdem
1539 2849 1677 2918 dubita-

555 2958 659 3025 tionis
688 2956 902 3046 professione
937 2958 982 3041 (rt
1010 2958 1184 3024 Antonius
1225 2964 1309 3024 tunc
1351 2956 1555 3045 impeditur,
1587 2959 1676 3047 quin

555 3065 668 3132 Crassi
685 3064 894 3132 sententiam
922 3065 1021 3154 sequi
1038 3063 1218 3133 videatur:
1243 3086 1323 3130 nam
1343 3070 1377 3130 et
1395 3087 1447 3145 ea,
1471 3086 1560 3153 quae
1577 3065 1678 3132 Cras·

553 3197 612 3241 sus
632 3172 768 3250 dixerit.
786 3172 930 3261 probare
946 3194 982 3239 se
1003 3170 1154 3239 declarat
1173 3173 1233 3258 (8),
1253 3178 1285 3239 ct
1310 3173 1384 3262 ipse
1399 3170 1675 3240 recordationem

554 3282 654 3348 affert
679 3281 804 3369 longae
817 3280 1063 3369 disputationis
1080 3276 1137 3366 (9),
1154 3302 1223 3369 qua
1237 3279 1386 3346 Athenis
1402 3277 1538 3345 audivit
1565 3279 1677 3347 Char-

555 3387 693 3454 madam
710 3386 957 3476 philosophum
970 3385 1094 3453 iisdem
1109 3386 1181 3453 fere
1202 3385 1407 3471 rationibus,
1422 3376 1554 3476 quibus
1576 3388 1676 3455 Cras-

555 3517 614 3561 sus
639 3495 742 3562 modo
763 3516 847 3560 usus
868 3501 932 3578 est,
958 3494 1267 3575 demonstrantem,
1291 3522 1306 3553 e
1333 3516 1403 3560 non
1421 3516 1522 3583 posse
1549 3516 1675 3583 quem-

554 3623 660 3691 quam
677 3601 878 3671 facultatem
897 3600 1036 3690 assequi
1052 3598 1200 3684 dicendi,
1219 3600 1286 3667 nisi
1302 3601 1362 3689 qui
1383 3598 1673 3689 philosophorum

553 3708 695 3776 inventa
714 3708 924 3777 didicisset»
944 3707 1014 3797 (10)
1032 3729 1040 3776 ι
1058 3708 1114 3774 cui
1132 3706 1346 3775 Charmadae
1366 3706 1522 3795 opinioni
1537 3729 1574 3774 se
1594 3709 1675 3797 qui·

554 3812 633 3880 dem
655 3812 739 3881 adeo
763 3836 945 3881 assensum
961 3836 1036 3880 esse
1055 3812 1163 3893 addit,
1189 3819 1227 3880 ut
1245 3834 1285 3879 ea
1300 3811 1468 3880 adductus
1486 3841 1501 3875 α
1520 3814 1674 3902 quodam

554 3921 591 3987 in
613 3920 765 3988 libello»
792 3922 1004 4011 scripserit«
1033 3920 1183 3987 disertos
1212 3942 1249 3987 se
1268 3942 1436 4007 cognosse
1466 3921 1673 4005 nonnullos,

585 4174 988 4237 fflfflmwssffiQffl

586 4246 619 4308 (tt
634 4248 672 4296 21.
689 4246 727 4297 Cf.
744 4260 835 4310 supra.
845 4261 870 4310 p.
888 4248 912 4296 9.

586 4317 618 4379 (3)
632 4318 671 4367 Cf.
688 4320 725 4367 De
739 4318 782 4367 Or.
795 4319 815 4373 l,
833 4319 862 4366 35
878 4320 904 4367 et
918 4319 957 4366 Ἠ.

585 4388 617 4450 (4)
629 4389 705 4447 Quod
722 4388 982 4438 animadvertentem
991 4387 1148 4437 Scaevolam
1164 4387 1254 4437 Cicero
1267 4389 1341 4450 tacit,
1352 4392 1390 4438 15.

584 4461 617 4521 (5)
632 4461 706 4510 Sicut
720 4460 843 4510 hocloco
860 4460 981 4523 loquitur
993 4459 1129 4515 Scaevola,
1142 4461 1181 4508 ¹14.

585 4532 619 4593 (tir
631 4535 715 4582 ro-rr.
730 4532 777 4594 (Cf.
794 4531 820 4581 id
832 4530 903 4595 quod
916 4531 948 4581 de
962 4532 1065 4582 sedicit
1079 4532 1251 4589 Crassus,tt.
1270 4562 1272 4565 -

585 4603 617 4664 (t)
632 4604 669 4652 De
684 4604 727 4653 Or.
741 4606 759 4663 l,
772 4604 810 4653 81.

584 4676 624 4735 (8)
636 4674 715 4732 thid„
729 4677 768 4725 80.

586 4746 619 4806 (9)
636 4746 712 4806 lbid,
728 4749 758 4796 82
773 4760 831 4809 sqq.

587 4818 635 4878 titt)
657 4817 694 4866 Cf.
724 4818 799 4876 ibid,
826 4821 863 4868 st.
893 4817 1072 4868 Charmadam
1096 4816 1223 4867 eumdem
1257 4818 1370 4867 Crassus
1398 4816 1554 4867 nominavit
1582 4818 1677 4879 (tt-46)

474 4898 478 4904 ·
553 4888 623 4936 inter
634 4903 689 4949 eos,
699 4904 767 4952 quos
783 4894 877 4939 contra
890 4883 919 4940 sa
935 4890 1090 4954 disputasse
1105 4888 1214 4939 aiebat:
1241 4888 1287 4938 sed
1310 4888 1374 4937 huic
1389 4915 1419 4925 —
1434 4891 1465 4937 ut
1477 4887 1608 4938 Carneadi
1622 4886 1678 4937 dis-

553 4959 642 5090 p3ipulo
656 4980 710 5007 —a
727 4976 786 5010 mos
801 4965 859 5010 erat
873 4963 976 5025 patrius
992 4961 1129 5011 adversari
1153 4975 1259 5025 semper
1284 4960 1411 5009 omnihus
1432 4960 1461 5008 in
1484 4958 1649 5024 disputando
1663 4982 1673 5005 a

597 5043 613 5091 ).
