4467 6167
1003 1457 1150 1554 cirus
1174 1482 1223 1551 iv
1273 1491 1274 1494 ‘

862 1711 866 1723 x
954 1688 1057 1742 ATQUE
1082 1688 1270 1733 CONGLUSIO.

558 1884 729 1964 Quomodo
751 1884 866 1952 Cicero
886 1883 920 1950 iu
932 1884 978 1951 eis
993 1884 1098 1966 libris,
1119 1906 1200 1974 quos
1224 1885 1265 1952 de
1277 1884 1426 1975 propriis
1434 1884 1676 1975 philosophiae

598 1994 694 2057 robus
709 1990 854 2081 scripsit,
885 2014 983 2057 suum
1019 1990 1259 2081 odjuupeudue
1287 1990 1414 2059 orotori
1437 1992 1675 2083 philosophiae

599 2098 783 2184 formulam
802 2097 937 2187 replere
948 2097 1013 2165 sihi
1028 2098 1098 2187 ipse
1114 2098 1204 2165 uisus
1214 2111 1272 2165 est.

1107 2394 1119 2448 1

600 2592 814 2681 Sicjudicari
827 2599 951 2681 potest,
969 2591 1144 2683 quomodo
1156 2615 1254 2659 suam
1270 2593 1307 2659 in
1322 2594 1430 2661 variis
1444 2593 1676 2684 philosophiis

556 2700 789 2769 eruditionem
811 2698 931 2767 Cicero
943 2698 986 2766 ad
1005 2700 1179 2767 forensem
1205 2700 1443 2790 eloquentiam
1462 2700 1674 2784 adhibuerit,

556 2809 629 2876 sive
650 2807 691 2875 de
722 2807 846 2897 quavis
873 2828 995 2873 earum
1028 2811 1147 2895 aperte
1172 2805 1364 2873 disserendi
1393 2808 1610 2875 occasionem
1639 2810 1674 2875 in

556 2916 643 3005 ipsis
664 2915 778 2981 causis
792 2914 977 2988 inveniret,
1002 2913 1074 2979 sive
1090 2935 1132 2979 ex
1151 2912 1194 2979 iis
1210 2911 1252 2979 ad
1285 2914 1460 2980 ornandos
1480 2936 1538 2981 eos
1567 2914 1674 2998 locos,

556 3023 616 3111 qui
632 3021 671 3089 ad
686 3019 944 3110 philosophiam
961 3019 1112 3086 maxime
1124 3020 1351 3108 pertinerent,
1372 3044 1425 3087 res
1437 3028 1470 3088 et
1486 3023 1676 3089 sententias

556 3128 656 3195 tacite
673 3128 830 3216 eligeret.
853 3128 969 3216 Atque
985 3148 1065 3193 eum
1090 3124 1251 3193 videmus
1279 3126 1316 3193 in
1337 3129 1488 3217 propriis
1520 3129 1677 3217 philoso-

556 3234 707 3324 phorum
731 3233 913 3301 sententiis
945 3231 1208 3321 rationibusque
1237 3255 1297 3321 per
1317 3257 1398 3301 suas
1433 3235 1609 3306 orationes
1629 3237 1678 3303 ita

554 3339 749 3408 inserendis
778 3340 833 3407 vol
871 3339 962 3406 ultra
989 3338 1284 3429 progredientem,
1309 3362 1415 3429 quam
1436 3347 1608 3429 quatenus
1641 3342 1677 3408 in

555 3446 727 3537 ejusmodi
754 3445 858 3514 rebus
878 3445 921 3513 ad
950 3445 1224 3514 commodiorem
1249 3446 1375 3514 talium
1403 3448 1560 3516 locorum
1590 3453 1678 3515 trac·

448 3551 456 3564 ’
556 3555 725 3621 tationem
741 3563 914 3622 oratorem
929 3553 1061 3620 versari
1074 3551 1200 3620 dehere
1220 3555 1295 3643 ipse
1309 3555 1345 3620 in
1361 3555 1463 3620 suis«
1481 3554 1643 3622 oratoriis
1661 3582 1676 3617 o

455 3681 459 3692 ¹
557 3659 655 3728 libris
666 3659 895 3751 significabat.
914 3659 1026 3740 Quem
1041 3660 1136 3727 enim
1147 3659 1189 3727 de
1203 3658 1444 3750 philosophiae
1460 3659 1502 3727 ad
1515 3660 1678 3751 eloquen-

556 3769 641 3836 tiam
661 3767 883 3859 adjunctione
902 3766 951 3834 ita
965 3766 1195 3834 disserentem
1207 3768 1429 3855 agnovimus,
1450 3774 1620 3857 tanquam
1639 3790 1680 3835 ea

556 3876 720 3943 universa
753 3882 786 3943 et
812 3874 912 3964 quasi
931 3874 1130 3941 communis
1150 3874 1312 3941 materies
1333 3874 1429 3941 omni
1451 3902 1467 3935 «
1490 3874 1587 3942 civili
1602 3896 1679 3942 ora-

556 3983 643 4050 tioni
662 4010 678 4045 »
700 3981 855 4073 subjecta
874 3987 1104 4071 spectaretur,
1121 4002 1227 4070 quam
1243 3981 1281 4048 in
1295 3979 1396 4047 libris
1420 3980 1461 4047 de
1478 3981 1678 4071 Republica,

557 4088 598 4155 de
610 4089 761 4181 Lepibus,
778 4088 820 4157 de
835 4084 977 4178 Officiis,
996 4088 1174 4176 inscriptis
1187 4089 1245 4154 vix
1264 4088 1377 4178 magis
1393 4095 1432 4155 ut
1444 4111 1588 4178 graecae
1603 4087 1681 4179 phi·

554 4196 732 4286 losophiae
756 4195 932 4263 studiosus
963 4216 1069 4285 quam
1083 4201 1122 4262 ut
1144 4222 1159 4257 ι(
1177 4195 1231 4263 vir
1246 4201 1386 4283 togatus
1402 4223 1416 4258 υ
1442 4197 1615 4279 tractavit,
1638 4236 1682 4245 -

556 4324 637 4370 eum
658 4325 813 4393 persnas
833 4302 1007 4370 orationes
1026 4324 1095 4368 non
1122 4300 1230 4369 semel
1247 4301 1448 4369 invenimus
1469 4303 1506 4369 in
1523 4301 1681 4392 ejusdem

554 4410 691 4500 generis
713 4438 729 4472 «
757 4409 887 4477 scholis
909 4437 926 4472 »
943 4407 1180 4499 exprimendis
1196 4409 1297 4497 quasi
1325 4432 1361 4476 se
1389 4416 1622 4492 exercentem,
1640 4432 1682 4477 ex

556 4517 684 4607 quibus
703 4517 782 4583 ilios
798 4516 906 4583 libros
921 4514 963 4582 de
980 4514 1270 4583 reconditiorihus
1300 4520 1335 4582 et
1354 4516 1506 4582 maxime
1537 4514 1680 4605 quidem

558 4622 770 4692 Graecorum
790 4622 1079 4713 philosophorum
1094 4622 1246 4712 propriis
1261 4620 1539 4711 quaestionibus
1563 4660 1605 4672 —
1623 4644 1682 4690 ve-

559 4729 612 4798 lut
627 4729 669 4797 de
685 4753 824 4799 summo
838 4729 928 4798 hono
939 4729 1001 4820 (t),
1014 4728 1056 4796 de
1067 4726 1325 4796 virtutebeatae
1336 4728 1680 4819 vitaeeffectrice(2),

596 4915 631 4979 (1)
646 4916 678 4964 ln
692 4914 770 4965 libris
785 4915 823 4963 De
833 4914 954 4962 Finibus.

598 4989 633 5050 (2)
643 4987 684 5036 Ad
697 4987 767 5036 hano
781 4985 927 5036 formulam
944 4985 1002 5049 ipse
1017 4984 1185 5034 Tusculanos
1199 4997 1262 5034 suas
1278 4982 1383 5048 redigit,
1399 4984 1437 5033 De
1451 4983 1567 5033 Dioiuot.
1585 4984 1618 5042 ΙΙ,
1631 4984 1655 5033 2.

1572 5080 1589 5133 8
