4467 6167
1018 770 1215 835 -llll-

589 954 604 986 a
678 936 762 1001 Quod
775 937 799 991 si
814 937 950 993 omnium
969 952 1134 993 consensus
1148 941 1273 993 natura'e
1287 941 1412 1007 nonest,
1429 953 1604 1009 omnesque.
1621 939 1670 1009 qui

553 1024 664 1094 ubique
687 1026 757 1090 sint,
773 1027 966 1081 consentiunt
993 1044 1057 1082 esse
1084 1026 1210 1097 aliquid,
1227 1027 1307 1097 quod
1321 1027 1359 1081 ad
1375 1043 1426 1082 eos
1445 1028 1604 1097 pertineat,
1621 1029 1671 1098 qui

552 1115 611 1171 vita
631 1117 786 1185 cesserint,
804 1118 890 1173 nobis
905 1134 1024 1189 quoque
1041 1118 1119 1173 idern
1133 1116 1367 1173 existimandum
1379 1120 1434 1181 est,
1446 1120 1476 1170 et
1491 1116 1525 1183 si,
1544 1132 1671 1187 quorum

553 1210 605 1260 aut
625 1206 744 1278 ingenio
755 1208 922 1262 autrirtute
938 1208 1058 1262 animus
1070 1206 1199 1274 excellit,
1215 1223 1267 1262 eos
1281 1206 1472 1272 arbitramur,
1483 1205 1555 1275 quia
1566 1210 1673 1261 natura

554 1295 664 1365 optima
691 1296 761 1362 sint,
793 1311 915 1351 cernere
939 1301 1062 1351 naturae
1090 1296 1151 1351 rim
1171 1295 1311 1363 maxime,
1332 1293 1495 1350 verisimile
1523 1299 1578 1362 est,
1605 1311 1672 1350 cum

553 1384 683 1455 optimus
709 1384 836 1455 quisque
858 1385 986 1440 maxime
1012 1385 1179 1456 posteritati
1194 1384 1313 1450 serviat,
1329 1401 1393 1440 esse
1409 1383 1531 1455 aliquid,
1549 1384 1634 1456 cujus
1650 1386 1673 1440 is

553 1478 758 1544 postmortem
774 1489 895 1528 sensum
910 1474 949 1528 sit
962 1474 1121 1529 habiturus
1136 1473 1185 1546 (l).
1204 1494 1216 1523 ι

599 1638 755 1725 Cumque
771 1635 852 1703 huic
869 1664 885 1697 «
902 1636 1015 1703 laudis
1027 1636 1141 1702 studio
1163 1661 1179 1700 r>
1196 1641 1332 1703 tantum
1365 1636 1538 1720 tribuerit,
1552 1642 1671 1704 utnon

554 1745 662 1812 semel
683 1746 718 1810 in
737 1742 952 1809 orationibus
972 1740 1077 1830 (sicut
1091 1743 1197 1809 etiam
1218 1743 1253 1807 in
1268 1739 1331 1808 hac
1360 1742 1437 1831 ipsa
1470 1742 1672 1829 Tusculana)

556 1853 603 1918 ita
617 1851 752 1917 loculus
779 1850 835 1927 sit,
862 1856 1026 1939 tanquam
1047 1848 1133 1915 haec
1171 1847 1332 1916 laborum
1365 1850 1673 1939 periculorumque

557 1980 688 2025 merces
708 1958 839 2046 optimo
855 1957 982 2043 cuique
998 1957 1191 2022 maximum
1211 1955 1253 2022 ad
1270 1957 1437 2024 virtutem
1465 1958 1672 2024 incitamen-

556 2072 630 2132 tum
645 2071 735 2131 esset
749 2066 858 2150 (2),-
872 2071 987 2130 tamen
1003 2086 1046 2129 ne
1062 2064 1098 2130 in
1110 2061 1174 2129 hac
1188 2062 1330 2151 quidem
1347 2064 1478 2151 gloriae
1493 2063 1674 2131 dulcedine

556 2171 705 2237 oratorie
717 2168 1418 2259 amplificandasemperomisitejusmodi
1430 2172 1673 2253 correctiones,

557 2276 685 2366 quibus
699 2276 913 2358 admoneret,
932 2305 946 2337 a
968 2277 1104 2343 nullum
1125 2275 1301 2343 theatrum
1315 2278 1437 2343 virtuti
1462 2278 1675 2345 conscientia

557 2387 669 2478 majus
689 2411 763 2455 esse
777 2388 824 2477 (3)
850 2416 865 2447 »
886 2406 894 2453 :
912 2388 1070 2454 sicenim
1090 2387 1227 2454 llilouis
1260 2388 1428 2456 virtutem
1456 2388 1518 2479 (l),
1544 2372 1625 2455 cum
1648 2389 1676 2453 is

558 2495 714 2562 Clodium
744 2494 988 2574 interfecisset,
1009 2492 1102 2583 apud
1120 2493 1255 2582 judices
1276 2494 1406 2583 optime
1437 2494 1674 2562 commendari

557 2623 657 2690 posse
673 2601 907 2668 existimavit:

595 2771 608 2801 a
675 2749 762 2804 Addit
777 2750 861 2815 baec,
878 2766 949 2819 quoe
963 2757 1036 2804 certe
1045 2766 1112 2805 uera
1131 2757 1207 2816 sunt,
1218 2751 1311 2807 fortes
1321 2758 1351 2808 et
1364 2754 1515 2824 sapientes
1526 2754 1605 2809 viros
1622 2771 1677 2809 non

559 2847 616 2894 tum
625 2841 754 2909 proemia
772 2841 850 2909 sequi
864 2840 952 2894 solere
967 2847 1041 2894 recte
1060 2843 1201 2909 sactorum
1215 2857 1300 2910 quam
1314 2843 1373 2911 ipsa
1387 2848 1459 2897 reete
1481 2845 1561 2911 fucta
1578 2844 1626 2914 (5);
1647 2860 1677 2897 se

559 2928 633 2983 nihil
648 2929 678 2982 in
691 2929 751 2982 vita
770 2927 828 2982 nisi
845 2927 1082 2998 praeclarissime
1099 2929 1216 2997 fecisse,
1231 2930 1379 3003 siquidem
1394 2930 1470 2986 nihil
1485 2932 1523 2985 sit
1549 2933 1679 3001 praesta-

559 3016 649 3071 bilius
662 3017 725 3071 viro
746 3033 836 3087 quam
851 3015 991 3086 periculis
1004 3018 1131 3087 patriam
1147 3017 1290 3087 liberare3
1306 3020 1409 3075 beatos
1424 3036 1499 3084 esse,
1521 3022 1630 3091 quibus
1645 3036 1679 3075 ea

560 3124 607 3161 res
620 3106 726 3161 honori
738 3106 828 3161 fuerit
842 3122 859 3160 a
878 3106 940 3160 suis
956 3106 1080 3171 civibus,
1101 3123 1158 3161 nec
1173 3113 1274 3162 tamen
1286 3124 1337 3165 eos
1351 3109 1487 3176 miseros,
1505 3110 1556 3179 qui
1569 3110 1679 3165 benefi-

560 3196 605 3249 cio
627 3196 706 3250 cives
730 3212 799 3249 suos
822 3194 961 3261 vicerint;
982 3195 1035 3249 sed
1049 3199 1150 3250 tamen
1175 3212 1211 3249 ex
1233 3195 1371 3251 omnibus
1390 3195 1532 3265 praemiis
1551 3196 1678 3264 virtutis,

558 3286 582 3339 si
591 3291 659 3339 esset
674 3284 802 3337 habenda
815 3287 893 3338 ratio
904 3286 1103 3354 proemiorum,
1120 3284 1339 3355 amplissimum
1360 3300 1423 3338 esse
1438 3285 1607 3355 praemium
1622 3285 1681 3357 glo-

560 3374 649 3441 riam;
666 3389 728 3427 esse
744 3373 935 3439 benennam,
961 3390 1036 3443 quae
1057 3374 1232 3429 brevitatem
1245 3375 1321 3428 vitae
1341 3374 1522 3446 posteritatis
1536 3376 1682 3430 memoria

562 3461 776 3527 consolaretur,
791 3477 866 3531 quae
882 3462 1014 3517 efficeret
1029 3469 1063 3519 ut
1081 3465 1220 3519 absentes
1239 3464 1421 3530 adessemus,
1438 3464 1549 3518 mortui
1567 3465 1681 3519 vivere-

562 3568 643 3618 mus3
665 3552 741 3605 hanc
762 3550 889 3620 denique
904 3567 977 3617 esse,
995 3551 1082 3620 cujus
1098 3552 1237 3622 gradibus
1253 3551 1341 3605 etiam
1361 3552 1391 3604 in
1408 3549 1524 3605 caelum
1544 3550 1681 3606 homines

560 3641 733 3695 viderentur
745 3640 906 3695 ascendere
921 3656 952 3708 »3

561 3809 664 3891 atque
681 3800 840 3869 eamdem
856 3802 926 3869 lere
948 3801 1159 3868 seutentiam
1175 3803 1210 3868 in
1234 3803 1429 3893 Philippica
1444 3801 1596 3870 secunda
1624 3824 1678 3869 re-

563 3897 658 3998 petit,
682 3909 765 3975 dum
782 3909 938 3976 Caesaris
965 3907 1206 3975 interfectores
1226 3910 1272 3975 ait
1301 3940 1316 3971 a
1337 3932 1416 3988 eam
1434 3908 1583 3997 gloriam
1599 3931 1681 3975 con-

563 4025 698 4083 secutos
714 4040 801 4101 esse,
823 4039 912 4105 quae
931 4016 989 4082 vix
1003 4014 1098 4081 caelo
1118 4016 1194 4104 capi
1206 4038 1307 4104 posse
1332 4017 1490 4084 videatur
1509 4036 1546 4082 »t

597 4197 626 4259 (Ι)
642 4198 714 4246 Tunc.
730 4199 748 4256 l,
765 4213 823 4263 cap.
842 4201 877 4257 (6,
893 4202 905 4256 ἓ
919 4201 957 4246 34.

596 4271 629 4330 (2)
651 4268 689 4317 Cl.
712 4271 763 4317 Pro
787 4271 813 4321 C.
835 4270 948 4328 Rabirio,
964 4271 993 4316 29
1009 4269 1109 4330 (locuni
1123 4268 1239 4317 relatum
1258 4271 1358 4333 supra).
1373 4298 1404 4307 -
1420 4274 1449 4319 P.
1462 4270 1571 4331 Archia,
1588 4274 1683 4321 26-28:

565 4361 576 4384 a
592 4340 699 4388 Nullam
712 4341 785 4388 enim
802 4342 886 4389 virtus
901 4341 981 4389 aliam
995 4337 1147 4388 mercedem
1162 4339 1285 4388 laborum
1300 4342 1534 4405 periculorumque
1552 4342 1686 4393 desiderat

565 4412 671 4474 praeter
681 4411 750 4459 hanc
765 4411 853 4460 laudis
869 4413 896 4459 et
906 4410 1022 4473 gloriae:
1040 4424 1093 4473 quo
1109 4410 1216 4472 quidem
1230 4412 1364 4472 detracta,
1376 4414 1441 4475 quid
1455 4415 1576 4476 estquod
1591 4415 1618 4462 in
1632 4415 1684 4463 hoc

508 4527 510 4531 ,
566 4486 623 4531 tam
637 4482 734 4544 exiguo
751 4483 820 4530 vitae
836 4480 969 4530 curriculo
986 4484 1011 4531 et
1031 4483 1088 4530 tam
1102 4480 1177 4529 brevi
1193 4482 1276 4530 tantis
1294 4496 1344 4531 nos
1363 4484 1391 4531 in
1407 4484 1545 4532 laboribus
1559 4499 1684 4535 exercea-

567 4568 628 4603 mus
640 4556 681 4601 t...
701 4573 712 4595 u
732 4551 770 4601 uf.
789 4551 893 4601 Tuscul.
911 4553 928 4612 1,
946 4555 974 4600 33
992 4568 996 4599 :
1016 4572 1027 4595 a
1095 4552 1153 4610 Quo
1176 4553 1286 4615 quidem
1308 4553 1425 4618 dempto,
1450 4556 1511 4618 quis
1535 4558 1592 4605 tam
1614 4559 1686 4606 esset

567 4639 662 4675 amens
673 4624 719 4687 qui
732 4638 838 4687 semper
847 4624 875 4671 in
888 4623 1026 4672 laboribus
1037 4625 1064 4673 et
1073 4623 1201 4686 periculis
1212 4626 1315 4673 viveret
1327 4628 1367 4673 3...
1387 4644 1396 4665 n
1412 4624 1459 4687 (Cf.
1472 4628 1555 4675 etiam
1565 4626 1683 4692 Philipp.

567 4697 633 4753 XIV,
650 4698 679 4744 32
694 4712 699 4744 ;
719 4716 730 4739 a
791 4709 859 4757 quae
875 4695 898 4743 si
910 4708 965 4743 non
976 4697 1049 4744 esset
1064 4694 1171 4757 longior
1185 4708 1268 4758 quam
1279 4695 1345 4746 haec
1360 4696 1444 4745 vita...
1457 4700 1506 4746 etc.
1522 4699 1544 4761 s)

600 4767 632 4829 (3)
647 4767 721 4816 Sicut
734 4766 844 4830 scripsit
857 4766 886 4814 in
901 4766 1007 4815 Taceat.
1019 4767 1052 4825 ΙΙ,
1068 4768 1106 4815 64.

600 4838 633 4901 (4)
647 4838 684 4887 Gi.
700 4840 730 4887 P.
747 4839 854 4897 Milone,
872 4839 952 4886 tie-97.
969 4837 1007 4886 Cl.
1024 4850 1106 4900 supra
1119 4851 1145 4899 p.
1159 4838 1212 4896 105,
1229 4851 1257 4887 n.
1274 4838 1297 4885 ἵ,

600 4909 632 4971 (5)
652 4910 694 4959 Sic
708 4910 855 4973 repetimus
870 4911 1035 4960 sententiam
1050 4908 1161 4959 Catonis
1179 4922 1260 4973 supra
1275 4910 1309 4973 (p.
1326 4910 1363 4972 88)
1377 4908 1500 4957 relatam.
