4467 6167
996 814 1167 875 ..Ἡ-

526 1004 713 1049 causarum
741 980 784 1070 (Ι)
813 1008 841 1049 ».
865 981 937 1046 Hos
952 979 1115 1047 videlicet
1132 1008 1147 1041 «
1172 980 1266 1048 locos
1288 1008 1303 1041 >r
1330 980 1372 1048 ad
1397 981 1644 1049 commendan-

527 1089 608 1156 dam
631 1118 642 1151 l
660 1089 723 1156 Cn.
738 1088 880 1178 Pompei
892 1087 1107 1176 singularem
1131 1088 1366 1176 eximiamque
1383 1088 1548 1155 virtutem
1564 1091 1607 1177 (2)
1628 1119 1642 1149 a

525 1195 730 1264 adhibuerat
757 1197 793 1262 iu
812 1218 852 1263 ea
876 1195 1044 1278 oratione,
1066 1217 1171 1284 quam
1188 1195 1338 1283 primam
1362 1194 1451 1284 apud
1475 1195 1644 1285 populum

429 1343 431 1346 ·
528 1302 677 1370 babebat
702 1302 749 1391 (3)
777 1307 815 1369 ut
841 1322 964 1369 suasor
988 1300 1074 1390 legis
1101 1323 1208 1390 quam
1238 1300 1271 1367 d.
1297 1301 1460 1368 Manilius
1482 1302 1644 1370 tribunus

527 1411 637 1502 plebis
656 1409 698 1476 de
719 1409 812 1476 illius
828 1437 843 1469 u
863 1408 1009 1497 imperio
1036 1436 1051 1469 a
1073 1407 1276 1497 adaugendo
1296 1408 1449 1487 ferebat;
1478 1408 1530 1475 his
1549 1438 1563 1471 u
1594 1411 1642 1477 lo·

526 1518 574 1583 cis
592 1547 607 1577 »
624 1518 814 1583 instructus
830 1514 935 1581 inilla
949 1515 1117 1597 oratione,
1131 1537 1200 1604 qua
1212 1537 1274 1605 pro
1286 1513 1419 1582 reddito
1435 1515 1644 1605 reipublicae

529 1626 572 1691 lll.
604 1623 767 1690 Marcello
788 1623 822 1689 C.
843 1621 982 1690 Caesari
998 1623 1127 1710 gratias
1147 1623 1217 1710 egil
1237 1622 1273 1689 iu
1300 1629 1435 1702 senatu,
1458 1624 1645 1712 explicavit

527 1727 1644 1798 CaesarisclementiaminM.Marcellocouservand0declaratam

528 1836 685 1927 ejusdem
706 1835 839 1903 bellicis
866 1833 1028 1903 laudibus
1053 1835 1107 1903 vel
1134 1835 1295 1902 maximis
1322 1858 1361 1902 eo
1383 1837 1644 1905 anteferendam

527 1966 614 2018 esse,
629 1943 719 2032 quod
741 1940 846 2030 hujus
861 1941 992 2029 gloriae
1008 1942 1044 2007 in
1069 1942 1143 2008 sola
1162 1942 1271 2009 animi
1297 1942 1538 2030 magnitudine
1555 1945 1646 2033 posi·
1669 2010 1672 2015 .

526 2058 580 2117 tae
596 2072 709 2138 neque
723 2050 856 2115 socium
878 2070 1091 2137 quemquam
1108 2049 1217 2116 alium
1233 2049 1358 2116 Caesar
1374 2047 1517 2116 haberet
1533 2073 1645 2140 neque

528 2157 634 2224 ullam
661 2162 807 2245 partem,
827 2156 914 2221 sicut
932 2178 949 2219 c
964 2155 998 2219 in
1020 2155 1127 2221 armis
1148 2180 1179 2233 a,
1197 2156 1371 2222 Fortunae
1387 2154 1561 2223 debuisset
1579 2157 1642 2247 (1).

573 2262 707 2343 Quibus
727 2268 841 2329 autern
862 2261 945 2328 locis
966 2263 999 2327 in
1018 2262 1244 2351 judicialibus
1270 2263 1375 2329 etiam
1396 2263 1510 2329 causis
1528 2273 1646 2330 orator

529 2371 563 2436 iu
589 2370 788 2459 cognitione
804 2389 884 2433 cum
910 2370 1082 2435 virtutum
1106 2370 1345 2457 vitiorumque
1368 2373 1444 2434 tum
1467 2370 1645 2436 variarum

527 2477 644 2551 animi·
666 2476 924 2566 permotionum
940 2474 988 2563 (5)
1002 2481 1212 2555 versaretur,
1232 2476 1266 2542 id
1283 2476 1401 2544 Cicero
1418 2499 1479 2567 per
1493 2476 1554 2542 illa
1571 2477 1646 2565 ipsa
1690 2495 1692 2500 ’

527 2581 764 2648 minutissima
793 2586 975 2669 praecepta
994 2581 1162 2647 traditum
1187 2590 1378 2672 acceperat,
1407 2582 1536 2673 quibus
1556 2584 1644 2649 Her·

435 2714 449 2738 ⁰
528 2710 686 2777 magmas
723 2687 928 2775 praesertim
964 2686 1094 2776 aliique
1134 2686 1258 2754 deinde
1296 2688 1453 2758 rhetores
1488 2690 1645 2778 singulas

529 2814 752 2863 «causarum
779 2794 1042 2860 constitutiones
1071 2819 1087 2858 r
1109 2796 1302 2882 generatim
1329 2795 1518 2886 descriptas
1540 2798 1646 2885 parti-

529 2910 649 2992 tasque
670 2903 921 2977 instruxerant,
939 2923 1160 2990 quorumque
1187 2904 1445 2970 accuratissima
1471 2905 1645 2971 notatione

526 3011 722 3099 simplicem
738 3007 958 3075 Aristoteliae
970 3007 1164 3075 rhetoricae
1179 3010 1387 3094 gravitatem
1399 3032 1459 3098 pro
1474 3033 1536 3076 suo
1553 3011 1647 3098 quis-

526 3140 593 3208 que
614 3119 776 3184 acumine
795 3137 919 3182 ornare
941 3114 1006 3181 sibi
1022 3116 1087 3182 visi
1108 3123 1217 3181 erant.
1240 3116 1376 3182 Horum
1392 3117 1501 3205 igitur
1517 3117 1645 3183 doctri-

526 3247 608 3292 nam
642 3246 792 3313 sequens
821 3222 869 3312 (6)
901 3221 1113 3288 insecundo
1140 3222 1181 3288 de
1210 3222 1405 3289 laceratione
1429 3221 1517 3288 libro
1546 3221 1644 3289 etde

528 3360 542 3391 «
561 3330 793 3420 'conjecturali
813 3329 1090 3396 constitutione»
1109 3331 1262 3418 primum
1279 3330 1467 3418 separatim
1487 3329 1644 3396 conside-

526 3442 601 3504 rata
628 3439 676 3504 sic
701 3443 857 3504 statuens
872 3438 932 3524 (1),
951 3459 968 3500 c
993 3457 1132 3502 omnem
1154 3436 1391 3522 conjecturam
1408 3458 1449 3502 ex
1469 3457 1586 3519 causa,
1602 3459 1644 3502 ex

523 3539 686 3632 persona,
705 3564 746 3609 ex
766 3542 856 3611 facto
876 3543 953 3631 ipso
972 3542 1174 3632 capiendam
1195 3565 1270 3609 esse
1291 3572 1321 3622 a,
1345 3549 1432 3613 tum.
1455 3564 1559 3608 causa
1578 3572 1593 3603 «
1607 3542 1642 3608 iu

526 3643 776 3739 impulsionem
787 3656 819 3716 et
835 3650 870 3715 in
884 3648 1186 3715 ratiocinationem
1198 3647 1329 3715 tributa
1341 3648 1388 3738 (a)
1407 3674 1436 3723 a,
1452 3649 1645 3739 exponebat

529 3756 702 3846 quomodo
736 3763 768 3823 et
802 3756 993 3822 accusatori
1022 3761 1056 3821 et
1085 3754 1259 3822 defensori
1289 3783 1304 3816 c
1330 3756 1404 3845 ipsa
1435 3756 1506 3845 ejus
1535 3756 1644 3822 citimi

556 3965 589 4026 (1)
602 3965 640 4013 De
656 3963 702 4012 Or.
715 3963 747 4020 ll,
764 3964 818 4010 319.

555 4036 590 4097 (1)
607 4035 637 4084 l'.
654 4035 744 4097 ipsam
754 4033 906 4081 orationem
922 4032 954 4094 (3)
968 4047 973 4080 :
988 4031 1019 4081 de
1034 4034 1073 4083 rei
1088 4033 1312 4097 amplificatione,
1328 4035 1412 4092 itt-ii,
1429 4060 1458 4069 -
1469 4036 1550 4098 atque
1561 4036 1644 4084 etiam

524 4108 601 4155 13-16
613 4106 637 4166 (e
648 4104 681 4154 de
698 4104 918 4153 auctoritateviri
932 4108 956 4163 a)
971 4107 999 4152 et
1013 4106 1088 4152 lii-50
1103 4105 1145 4165 lde
1160 4106 1218 4166 ejus
1236 4122 1246 4148 u
1259 4103 1388 4153 felicitate
1404 4110 1434 4168 a).
1509 4106 1512 4113 '

556 4178 588 4239 (3)
604 4177 680 4226 Sicut
693 4174 828 4223 indicatur
841 4174 918 4222 initio
932 4174 1016 4237 ipsius
1032 4176 1181 4235 orationis;
1196 4175 1286 4223 Cicero
1296 4177 1359 4223 tunc
1375 4179 1483 4238 praetor
1494 4179 1551 4227 erat
1561 4180 1643 4238 (anno

525 4250 589 4310 688).
606 4249 643 4296 De
654 4260 686 4296 ea
701 4247 831 4302 oratione,
848 4244 882 4293 ci.
900 4245 1050 4297 ονα1..102.

556 4319 588 4379 (1)
605 4318 635 4366 V.
654 4318 742 4380 ipsam
758 4316 920 4374 orationem,
934 4329 994 4377 cap.
1015 4318 1066 4362 2-6.

556 4390 588 4451 (5)
604 4390 641 4438 lle
670 4388 755 4437 animi
768 4386 970 4449 permotionurn
995 4386 1149 4448 cognitione
1167 4386 1209 4435 hic
1226 4388 1392 4450 quaerimus,
1413 4390 1547 4450 quatenus
1563 4403 1595 4437 ea
1610 4388 1643 4437 ad

524 4458 732 4524 argumentandi
758 4457 829 4505 locos
856 4457 981 4520 pertinet,
1009 4471 1065 4505 non
1080 4456 1113 4505 ad
1129 4471 1189 4507 eam
1205 4457 1359 4507 auditorum
1380 4458 1525 4508 affectuum
1541 4461 1639 4509 tracta-

524 4530 628 4580 tionem
641 4529 682 4591 tde
694 4544 747 4592 qua
761 4529 824 4577 ante
835 4528 919 4577 locuti
935 4542 1030 4576 sumus
1046 4542 1182 4590 quamque
1198 4529 1273 4578 Plato
1285 4529 1461 4602 ψυχαγωγ1αν
1468 4530 1631 4593 appellabat)

555 4602 593 4664 (6)
608 4603 644 4651 De
665 4600 748 4651 variis
763 4611 858 4647 eorum
884 4598 1014 4647 doctrinis
1031 4598 1177 4661 (exquibus
1191 4619 1201 4642 l
1219 4601 1448 4649 excellentissima
1468 4614 1590 4662 quaeque
1608 4600 1642 4647 li-

523 4672 607 4722 bandi
622 4690 634 4719 »
652 4673 744 4721 Cicero
759 4670 842 4731 hujus
857 4669 1008 4717 rhetoricae
1033 4670 1148 4732 scriptor
1172 4669 1225 4717 sibi
1250 4669 1338 4733 legem
1352 4670 1450 4719 iecisse
1466 4684 1495 4718 se
1518 4669 1582 4718 dicit
1596 4670 1643 4729 (De

524 4743 698 4804 inulti-5),
725 4755 781 4790 non
793 4742 838 4789 hic
860 4739 1007 4802 quaerendi
1021 4738 1097 4788 locus
1109 4741 1364 4804 est;Hermagorae
1390 4741 1475 4803 ipsius
1500 4741 1641 4804 opiniones

524 4829 597 4864 nunc
609 4816 777 4876 sequentem,
793 4824 865 4861 nunc
879 4809 1047 4872 rejicientem
1069 4824 1132 4859 eum
1146 4811 1269 4860 videmus
1296 4813 1326 4873 (l,
1341 4814 1364 4869 8,
1379 4812 1417 4869 12,
1434 4812 1471 4867 16,
1488 4812 1536 4872 et).
1555 4837 1585 4846 —
1607 4811 1642 4859 De

524 4888 698 4947 Hermagora,
714 4883 747 4933 cl.
762 4884 838 4930 Brut.
857 4884 911 4940 263,
927 4882 979 4929 au.

559 4957 592 5018 (1)
610 4958 637 5004 et
651 4955 684 5017 (8)
706 4955 744 5002 De
757 4952 859 5001 laneat.
876 4952 909 5012 ll,
925 4953 964 5009 16,
983 4952 1019 4999 11.
