4467 6167
1137 801 1306 916 452-

668 1014 896 1104 rogantiahoc
911 1022 1049 1083 tautum
1060 1017 1272 1086 retineamus
1288 1017 1379 1109 quod
1396 1018 1547 1086 maxime
1567 1017 1609 1086 ad
1626 1026 1786 1087 nostram

667 1122 890 1211 scriptionem
908 1123 1070 1212 pertinet,
1085 1123 1229 1192 —hanc
1247 1131 1339 1192 certe
1372 1125 1595 1216 praecipuam
1614 1125 1789 1195 1111111111

667 1228 807 1302 laudem
823 1229 1024 1315 Ciceronem
1048 1254 1117 1297 non
1140 1232 1316 1299 immerito
1342 1231 1407 1298 sihi
1425 1231 1657 1301 vindicavisse
1678 1234 1790 1302 faten-

667 1337 750 1405 dum
767 1343 837 1422 est;
859 1360 972 1428 neque
992 1335 1120 1426 injuria
1143 1338 1306 1405 effectum
1326 1360 1401 1406 esse
1421 1336 1570 1422 videtur,
1589 1344 1628 1406 ut
1648 1362 1689 1407 ex
1718 1345 1791 1408 tota

668 1453 846 1512 oratorum
860 1445 948 1512 serie
962 1443 999 1511 in
1015 1446 1116 1511 Bruto
1129 1445 1300 1534 explicata
1311 1446 1360 1512 sic
1375 1444 1644 1533 intelligeretur,
1661 1446 1791 1536 quihus

668 1559 747 1620 ante
768 1551 970 1619 Ciceronem
985 1550 1028 1618 ad
1047 1549 1272 1619 obtinendam
1292 1573 1354 1641 per
1379 1550 1536 1639 singulas
1555 1558 1687 1619 aetates
1717 1553 1790 1619 sin-

670 1659 828 1749 gularem
843 1657 980 1725 dicendi
1005 1658 1146 1726 laudem
1166 1680 1280 1749 neque
1300 1658 1483 1749 ingenium
1501 1680 1614 1749 neque
1635 1682 1723 1726 usus
1739 1682 1792 1727 as·

668 1766 790 1834 sidnus
826 1787 941 1856 neque
979 1764 1219 1855 amplissimae
1246 1786 1371 1831 causae
1405 1762 1611 1846 defuissent,
1649 1764 1790 1833 eosdem

670 1872 870 1963 graviorum
888 1871 1017 1938 artium
1034 1870 1083 1963 (1)
1100 1869 1256 1952 subsidio
1276 1893 1346 1938 non
1361 1871 1445 1938 satis
1458 1871 1647 1939 instructos
1667 1872 1789 1954 fuisse,

670 1986 742 2061 aut,
759 1980 788 2046 si
808 1979 869 2069 qui
883 1976 1107 2068 philosophia
1127 1976 1254 2045 eruditi
1278 1976 1321 2045 ad
1355 2000 1477 2045 causas
1493 1976 1656 2045 dicendas
1676 2000 1791 2046 acces-

671 2089 809 2166 sissent,
823 2085 888 2152 hos
903 2086 953 2152 eis
964 2084 1195 2174 philosophiis
1209 2086 1256 2175 (2)
1270 2108 1351 2153 usos
1364 2107 1451 2169 esse,
1464 2085 1592 2174 quihus
1603 2086 1792 2152 oratoriam

670 2196 871 2265 facultatem
901 2194 1017 2261 minus
1050 2191 1094 2260 ali
1122 2214 1234 2282 posse,
1250 2197 1289 2259 ut
1322 2191 1440 2260 Cicero
1467 2191 1636 2281 judicavit
1659 2191 1720 2282 (3),
1742 2193 1791 2259 ita

672 2305 740 2395 ipsi
756 2325 820 2370 suo
835 2301 973 2370 dicendi
989 2322 1116 2389 genere
1136 2306 1215 2366 aute
1235 2297 1583 2367 demonstravissent.

715 2412 834 2500 Neque
859 2409 967 2499 igitur
987 2408 1061 2474 sine
1085 2428 1190 2473 causa
1218 2406 1262 2472 M.
1295 2406 1445 2492 Tullius,
1468 2427 1549 2472 cum
1576 2407 1613 2471 iu
1634 2410 1790 2473 extrema

673 2515 769 2582 Bruti
782 2521 878 2605 parte
896 2554 936 2565 -
951 2512 1097 2598 laboris,
1116 2520 1154 2580 111
1176 2513 1249 2600 ipse
1266 2514 1325 2599 ait,
1350 2536 1420 2581 non
1436 2512 1570 2599 ingenii
1586 2512 1640 2577 sui
1655 2512 1792 2601 praedi·

671 2630 766 2689 calor
798 2622 842 2711 (1)
858 2645 976 2688 —sua
1005 2619 1096 2710 apud
1131 2619 1360 2710 philosophos
1387 2618 1501 2687 studia
1523 2617 1700 2702 describit,
1718 2626 1792 2685 tum

671 2729 924 2818 Epicureorum
936 2727 1130 2807 doctorum,
1147 2748 1235 2815 quos
1249 2728 1401 2815 primum
1413 2729 1571 2797 audierat
1582 2730 1644 2821 (5),
1659 2731 1793 2798 nullam

671 2835 813 2902 omniuo
833 2834 1048 2901 mentionem
1064 2834 1157 2908 11111,
1172 2834 1328 2900 Stoicum
1349 2857 1431 2903 sane
1447 2838 1634 2905 Diodotum
1651 2846 1794 2928 propter

672 2942 934 3010 dialecticae-
962 2941 1082 3029 inqua
1112 2938 1154 3007 ab
1180 2963 1219 3007 eo
1241 2942 1414 3008 exercitus
1449 2940 1531 3011 erat
1545 2984 1582 2996 --
1601 2946 1791 3013 utilitatem

671 3054 919 3118 commemorat
935 3048 993 3137 (6),
1014 3045 1224 3115 Academiae
1245 3069 1327 3114 vero
1356 3049 1530 3141 principes
1551 3052 1738 3119 Philonem
1757 3059 1791 3119 11

673 3166 791 3250 postea
810 3157 1025 3225 Antiochum
1053 3158 1101 3225 111
1117 3180 1199 3247 prae
1231 3180 1267 3225 se
1296 3159 1373 3239 fert,
1393 3169 1572 3228 uteorum
1597 3168 1793 3248 utrumque

671 3268 822 3334 maxime
842 3275 1007 3355 tanquam
1033 3272 1191 3332 auctores
1220 3264 1354 3332 colendi
1382 3276 1416 3334 et
1435 3264 1560 3334 deinde
1594 3266 1790 3333 renovandi

673 3372 913 3464 philosophiae
934 3370 1041 3437 studii
1055 3371 1220 3439 habuisse
1234 3371 1393 3439 videatur
1409 3373 1470 3463 (1).
1485 3374 1605 3463 Neque
1622 3374 1719 3440 enim
1737 3396 1792 3440 so·

673 3481 825 3569 lumper
845 3480 1045 3550 universam
1070 3477 1316 3567 philosophiae
1331 3480 1671 3547 commendationem
1693 3502 1793 3547 suam

673 3587 784 3676 ipsius
805 3585 1018 3674 singularem
1038 3584 1174 3653 dicendi
1195 3585 1334 3653 laudem
1369 3586 1576 3676 simpliciter
1604 3586 1794 3674 significari

673 3691 831 3776 volchat3
849 3691 920 3773 sed,
937 3692 997 3781 qui
1023 3721 1039 3755 «
1066 3716 1134 3759 non
1156 3679 1393 3760 illustravisse'
1409 3691 1524 3772 modu,
1548 3715 1671 3762 rerum
1690 3693 1794 3761 etiarn

673 3798 857 3889 perculsae»
880 3799 917 3865 in
937 3800 1011 3867 loro
1039 3822 1183 3867 romano
1206 3828 1222 3861 «
1244 3798 1379 3866 dicendi
1393 3799 1529 3889 copiam
1557 3800 1606 3888 (8)
1630 3829 1645 3862 »
1672 3806 1704 3867 et
1728 3799 1795 3867 sihi

673 3904 856 3973 videbatur
885 3912 917 3973 11
938 3906 1015 3973 aliis
1033 3906 1145 3974 videri
1176 3906 1349 3997 cupiebat,
1378 3906 1535 3996 ejusdem
1557 3919 1631 3974 1111
1660 3906 1795 3973 Acade-

674 4014 782 4081 miam
804 4013 1027 4101 potissimum
1059 4015 1119 4097 ita,
1136 4020 1175 4081 ut
1208 4036 1289 4081 eum
1309 4014 1493 4082 facientem
1511 4013 1679 4095 vidimuS,
1698 4035 1795 4079 com-

708 4284 740 4344 (1)
757 4282 791 4331 Ut
806 4281 904 4331 dicitur
919 4281 948 4329 in
959 4281 1052 4338 Bruto,
1066 4281 1121 4328 331.

707 4353 739 4415 (21
757 4352 848 4401 Stoica
858 4352 982 4401 videlicet
993 4353 1040 4400 aut
1052 4351 1185 4414 epicurea.

709 4425 740 4485 (3)
757 4425 794 4472 De
807 4443 818 4466 «
833 4423 927 4472 stoicis
942 4421 1095 4471 oratoribus
1112 4441 1134 4481 1,
1160 4421 1248 4477 Brut,
1264 4420 1309 4468 116
1326 4433 1385 4482 sqq.
1414 4417 1461 4481 (Cf.
1490 4432 1579 4483 supra,
1596 4433 1622 4482 p.
1648 4419 1746 4479 49),-
1762 4416 1796 4467 de

677 4497 808 4560 Epicureo
820 4493 942 4552 Albucio,
962 4494 1014 4542 131.
1028 4520 1058 4528 -
1071 4492 1150 4542 Cotta
1163 4493 1263 4549 autem,
1278 4490 1324 4554 qui
1338 4490 1498 4540 Academiae
1514 4505 1542 4540 se
1556 4489 1674 4547 dederat,
1691 4491 1794 4538 notura

677 4581 733 4616 nou
748 4566 815 4616 satis
829 4564 1023 4627 adjuvabatur:
1042 4563 1075 4614 cf.
1089 4564 1178 4622 Brut,
1195 4564 1249 4611 212.

710 4639 742 4701 (4)
758 4636 796 4687 Cf.
810 4637 897 4695 Brut,
914 4638 968 4694 233,
985 4636 1038 4684 318.
1317 4692 1319 4694 ¹

709 4712 742 4772 (5)
753 4708 905 4758 Phaedrum
920 4709 947 4756 et
958 4707 1095 4756 Zenonem
1109 4707 1159 4755 hos
1175 4705 1259 4754 fuisse
1274 4705 1371 4753 notum
1385 4705 1436 4754 est.

710 4782 742 4843 (6)
760 4780 845 4839 Brut,
862 4779 915 4827 309.

710 4849 793 4912 (11111.
809 4850 896 4908 Brut,
914 4850 968 4908 3116,
986 4850 1040 4897 315.

708 4922 741 4983 (81
758 4921 795 4970 Cl.
811 4921 898 4979 Brut,
920 4922 1037 4978 asa-255,
1061 4919 1105 4969 uhi
1131 4918 1283 4968 referuntur
1306 4918 1389 4967 verba
1413 4916 1537 4966 Caesaris
1553 4917 1710 4967 Ciceronem
1732 4915 1794 4966 lau·

678 4991 767 5042 dantis
782 4995 914 5056 tanquam
927 5014 938 5036 1
951 4991 1101 5055 principem
1116 4990 1211 5054 copiae
1220 4989 1301 5051 atqua
1316 4987 1523 5038 inventorem».
