4467 6167
848 817 851 822 '
933 811 1110 877 -Ι3-

467 982 628 1075 ponebat,
646 985 722 1049 tum
749 986 996 1071 campartem,
1025 1001 1115 1070 quae
1140 976 1182 1046 ad
1215 978 1359 1047 affectus
1387 978 1583 1048 tractandos

467 1091 626 1182 pertinet,
650 1089 678 1155 si
703 1110 771 1155 non
785 1094 824 1154 ut
842 1087 1049 1177 legitimam,
1065 1090 1099 1153 at
1121 1092 1212 1154 certe
1237 1092 1276 1154 ut
1302 1086 1488 1153 hominum
1509 1108 1583 1154 eor·

466 1196 621 1287 ruptioni
638 1194 905 1286 respondentem
920 1195 956 1260 in
976 1200 1086 1261 artem
1111 1192 1300 1260 admiserat
1320 1192 1367 1284 (Ι)
1386 1194 1472 1282 [qua
1488 1193 1528 1261 de
1546 1216 1581 1260 re

466 1304 549 1394 quia
582 1304 631 1370 ita
659 1300 889 1391 judicaverat,
915 1301 1043 1367 idcirco
1076 1300 1165 1367 torte
1201 1298 1338 1367 dicendi
1370 1305 1479 1367 artem
1504 1299 1581 1367 des-

467 1412 599 1501 perisse
618 1408 775 1476 Ciceroni
795 1408 891 1476 visus
907 1413 958 1474 est
974 1405 1034 1496 (2))
1057 1428 1065 1486 ;
1089 1404 1181 1495 quod
1197 1411 1313 1473 autem
1335 1406 1376 1472 ad
1396 1407 1581 1473 docendum

463 1518 599 1596 attinet,
616 1515 709 1583 idem
722 1520 895 1582 oratorem
919 1535 1000 1580 eum
1015 1534 1091 1580 esse
1110 1511 1260 1592 volebat,
1274 1513 1382 1601 quiin
1395 1522 1581 1603 utramque

464 1631 597 1714 partem
613 1643 688 1690 rem
708 1622 923 1711 propositam
941 1625 1090 1686 tractare
1107 1624 1241 1708 posset:
1256 1640 1324 1685 non
1343 1625 1380 1685 ut
1394 1619 1422 1685 is
1440 1620 1580 1688 iuveris

463 1730 577 1798 causis
588 1730 797 1797 alterutrum
806 1728 881 1794 sine
896 1725 1099 1793 discrimine
1113 1724 1349 1813 sophistarum
1372 1747 1468 1793 more
1489 1726 1580 1793 face-

462 1844 526 1919 ret,
544 1834 603 1905 sed
628 1841 666 1903 ut
680 1835 934 1902 contrariorum
956 1839 1246 1920 argumentorum
1270 1832 1341 1899 vim
1363 1833 1579 1921 perspexisse

461 1945 510 2012 sic
524 1943 740 2011 assuefactus
759 1939 801 2007 ad
820 1937 1073 2007 defendendam
1094 1938 1275 2005 meliorem
1306 1960 1447 2005 oausam
1467 1940 1580 2025 aptior

460 2057 550 2119 esset
566 2050 627 2140 (3)
645 2050 686 2116 Et
706 2070 801 2127 vero,
823 2047 904 2136 quia
920 2067 995 2112 mos
1018 2044 1059 2111 ab
1079 2046 1156 2134 ipso
1181 2045 1369 2113 Aristotele
1397 2045 1579 2113 institutus

462 2179 522 2247 per
553 2155 628 2246 ejus
652 2160 839 2222 sectatores
858 2151 1121 2242 permansisset,
1152 2156 1191 2217 ut
1219 2149 1304 2218 haee
1333 2152 1366 2217 in
1392 2158 1578 2241 utramque

461 2270 596 2353 partem
616 2260 816 2329 exercitatio
835 2258 878 2326 ad
905 2282 963 2327 eas
984 2258 1142 2326 universi
1168 2259 1308 2346 generis
1342 2260 1575 2347 quaestiones

460 2364 1578 2459 quasteseuappeltabantadhiberetur(dt,idcircoPeripatetico-

460 2497 540 2542 rum
550 2474 771 2564 disciplinam
781 2472 823 2540 ad
832 2470 1051 2541 efficiendam
1062 2470 1200 2538 dicendi
1210 2471 1347 2558 copiam
1362 2471 1414 2539 vet
1428 2472 1577 2539 maxime

458 2581 754 2650 accommodatam
791 2580 899 2647 tuisse
935 2578 1053 2646 Cicero
1086 2577 1164 2644 aliis
1195 2578 1301 2643 otiam
1330 2578 1416 2644 locis
1459 2584 1577 2667 postea

454 2688 625 2779 judicavit
640 2687 687 2778 (5)
704 2709 710 2753 :
733 2687 815 2753 baec
834 2692 926 2753 certe
942 2686 1017 2774 ipsa
1033 2707 1094 2773 per
1107 2706 1144 2750 se
1156 2685 1355 2751 exercitatio
1371 2706 1477 2774 quam
1497 2691 1575 2774 apte

457 2796 499 2863 ad
516 2801 689 2863 oratorem
705 2790 966 2859 informandum
981 2792 1163 2880 pertineat,
1173 2790 1207 2855 in
1223 2790 1308 2879 ipsis
1323 2790 1364 2857 de
1380 2794 1523 2858 Oratore
1533 2791 1576 2857 ti-

458 2900 530 2967 bris
540 2906 616 2967 tum
629 2883 817 2985 significat,
827 2920 907 2965 cum
919 2920 980 2987 per
994 2897 1159 2964 Crassum
1172 2918 1277 2963 suum
1290 2897 1432 2976 indicat,
1445 2897 1575 2965 multos
1633 2922 1636 2926 ·

457 3009 544 3096 locos
564 3008 622 3098 (6),
643 3005 771 3097 quibus
795 3007 909 3073 omnis
928 3006 1039 3072 oratio
1054 3004 1168 3072 civilis
1185 3006 1336 3073 maxime
1353 3007 1470 3073 ornari
1495 3030 1573 3095 pos·

457 3115 503 3182 sit
522 3114 583 3205 (Ι),
610 3114 660 3182 eis
680 3141 696 3174 ιι
715 3111 927 3202 ancipitibus
943 3108 1237 3200 disputationibus
1254 3137 1268 3172 ιι
1290 3113 1474 3184 contineri.
1499 3141 1514 3174 ι
1537 3114 1573 3179 in

455 3218 646 3309 quibusda
673 3221 836 3287 universo
857 3240 984 3308 genere
1015 3219 1049 3285 io
1077 3227 1265 3307 utramque
1293 3225 1428 3307 partem
1448 3218 1573 3286 disseri

454 3326 592 3416 copiose
606 3326 709 3394 liceat
730 3354 759 3391 ».

499 3436 613 3519 Atque
633 3431 754 3500 eodem
775 3430 851 3521 ipsa
870 3431 959 3498 ratio
980 3431 1114 3513 attinet,
1141 3454 1203 3500 cur
1225 3430 1451 3498 «Carneadia
1477 3432 1531 3497 vis
1554 3459 1569 3491 u

453 3538 675 3607 Aristoteliae
704 3538 871 3605 aCrasse
904 3535 1127 3625 adjungatur.
1151 3539 1239 3605 Nam
1271 3561 1354 3605 sanc
1381 3538 1570 3620 ArcesilaS,

453 3641 701 3711 duminstituit
715 3672 729 3703 ιι
748 3665 816 3710 non
839 3643 923 3732 quid
944 3644 1019 3732 ipse
1035 3645 1179 3710 sentiret
1190 3645 1384 3725 ostendere,
1401 3643 1460 3711 sed
1489 3667 1571 3712 con·

455 3755 506 3816 tra
521 3747 568 3831 id,
587 3747 678 3840 quod
703 3750 853 3839 quisque
873 3771 909 3816 se
925 3750 1053 3817 sentire
1069 3748 1226 3833 dixisset,
1244 3741 1465 3841 disputare»,
1483 3751 1569 3818 illud

482 3978 516 4039 (Ι)
530 3978 560 4029 V.
576 3977 659 4026 Arist.
675 3976 749 4027 nter.
761 3976 807 4035 ΙΙΙ,
822 3977 833 4024 Ι
850 3977 872 4040 (ι
890 3973 934 4030 διὰ
946 3976 996 4044 τὴν
1011 3979 1059 4031 τοῦ
1074 3974 1211 4051 ἀκροατοῦ
1224 3976 1382 4053 μοχθηρίαν
1392 3977 1469 4041 »].Ci.
1479 3978 1570 4027 E.Ha-

452 4060 507 4116 vet,
523 4078 535 4102 ι
552 4058 640 4107 Etude
654 4072 701 4107 sur
717 4056 744 4106 ta
758 4056 920 4121 Rbetorr'que
935 4056 1080 4105 d'Aristote
1095 4076 1118 4115 ι,
1135 4058 1218 4115 Paris,
1238 4059 1298 4107 1846
1314 4058 1349 4120 (p.
1364 4059 1458 4119 29-31).

484 4130 517 4190 (Ι)
528 4128 567 4178 Gi.
579 4130 617 4177 De
630 4128 673 4177 Or.
692 4128 723 4187 u,
742 4130 786 4177 160
803 4129 824 4191 (ιι
882 4127 915 4176 ad
931 4125 1037 4177 dicendi
1048 4130 1143 4190 artem,
1160 4142 1243 4191 quam
1261 4128 1306 4176 ille
1319 4127 1516 4191 despiciebat...
1530 4129 1569 4190 »);

451 4199 497 4258 ΙΙΙ,
516 4201 638 4260 ru;ne
662 4199 732 4263 Offi·.
749 4200 768 4257 1,
785 4202 808 4247 Ι.
839 4226 867 4233 -
890 4199 950 4247 Non
976 4197 1101 4257 dicimus,
1126 4200 1186 4260 jure
1226 4200 1382 4248 Ciceronem
1419 4199 1446 4248 id
1468 4199 1570 4261 judica·

449 4270 530 4329 visse,
553 4269 601 4321 sed
618 4284 676 4319 rem
687 4269 731 4320 vel
745 4270 779 4319 ab
796 4270 857 4320 aliis
871 4273 1011 4333 acceptam
1033 4270 1081 4327 sic,
1106 4273 1137 4319 ut
1164 4270 1341 4334 explicamus¹
1360 4272 1569 4334 interpretatum

451 4354 521 4391 csse.

482 4410 688 4475 (ttssi.Aristot.
710 4410 797 4469 Rbet,
817 4410 854 4459 lib
883 4413 903 4470 Ι,
922 4424 982 4476 cap.
1000 4412 1020 4469 1,
1039 4413 1098 4460 ὅτι
1123 4404 1162 4463 ἐ’τι
1183 4408 1354 4467 δὲτᾶνοιντία
1372 4410 1413 4467 δεῖ
1443 4410 1568 4467 δύνασθαι

448 4490 583 4559 asidera„
598 4490 653 4567 οὐχ
674 4490 747 4551 ὅπως
761 4489 903 4568 ἀμφότερα
918 4489 1094 4563 πράττωμεν·
1112 4490 1211 4565 οὐγὰρ
1228 4489 1269 4546 δεῖ
1289 4492 1322 4547 τὰ
1337 4489 1427 4570 φαῦλα
1454 4493 1566 4547 πείθειν

446 4565 512 4623 ἀλλ’
538 4566 585 4623 ἵνα
600 4570 671 4642 μήτε
684 4566 799 4643 λανθάνῃ
815 4574 874 4630 πῶς
888 4563 946 4645 ἔχει
961 4569 1007 4623 καὶ
1027 4569 1112 4639 ὅπως,
1129 4568 1215 4624 ἄλλον
1237 4571 1383 4647 χρωμένου
1399 4577 1457 4633 τοῖς
1473 4570 1566 4645 λόγοις

446 4648 540 4709 αὐτοῖς
557 4650 594 4721 μὴ
611 4646 733 4713 δικαίως,
748 4646 823 4703 λύειν
838 4642 959 4724 ἔχωμεν.
977 4673 989 4702 ν

479 4730 513 4792 (ι)
528 4728 565 4778 οι.
583 4728 689 4787 Orator,
705 4729 803 4779 46-125.

477 4800 511 4861 (5)
526 4799 565 4848 De
576 4798 670 4860 Finit,
684 4800 768 4858 lv.6;
789 4801 874 4859 Tusa,
889 4800 921 4862 ll,
934 4803 958 4851 9.

478 4872 511 4932 (ο)
527 4869 566 4920 οι.
582 4871 620 4919 οι
638 4870 681 4921 ον.
698 4870 743 4929 ιιι,
760 4873 871 4921 τοο-ιιι.

478 4942 511 5004 (Ι)
527 4940 565 4991 Gt.
581 4941 620 4990 De
636 4941 680 4991 Or.
706 4942 752 5001 ΙΙΙ,
768 4943 813 4991 mx
825 4945 852 4992 et
861 4944 913 4991 120.
