4467 6167
932 828 1114 926 .-οτ-

442 1044 444 1046 ·
469 999 537 1066 ciat
551 997 612 1089 (1),
631 1010 677 1047 ’-
697 995 789 1065 idem
805 997 840 1061 in
854 995 1005 1063 Phaedro
1019 995 1061 1063 de
1081 994 1306 1063 earhetorica
1325 994 1476 1078 disserit,
1497 1018 1585 1086 quae

469 1104 511 1173 ad
532 1107 640 1201 vitam
655 1098 841 1171 hominum
855 1109 895 1172 et
909 1103 952 1170 ad
972 1125 1075 1170 usum
1097 1103 1240 1193 propius
1262 1102 1413 1187 accedat,
1430 1126 1470 1171 ea
1492 1104 1586 1171 scili·

469 1228 534 1296 cet,
550 1235 638 1301 qnae
659 1212 829 1278 latissimo
845 1233 949 1277 sensu
970 1215 1102 1298 spectet
1121 1209 1163 1276 ad
1179 1211 1359 1275 hominum
1382 1216 1513 1277 mentes
1525 1234 1586 1300 per

469 1342 647 1387 sermones
667 1318 782 1385 omnis
797 1318 935 1406 generis
951 1317 1152 1384 alliciendas
1174 1315 1245 1405 (2);
1266 1339 1377 1406 neque
1390 1317 1451 1385 tali
1464 1316 1586 1384 delini-

469 1428 561 1493 tione
578 1425 730 1493 excludit
754 1447 834 1491 eum
863 1430 1037 1491 oratorem
1057 1424 1117 1513 qui
1137 1422 1317 1491 audientes
1346 1445 1365 1489 a
1394 1445 1475 1490 vero
1507 1424 1586 1491 sub·

470 1533 595 1601 ducere
616 1533 728 1622 magis
755 1553 860 1621 quam
888 1530 931 1598 ad
952 1552 1074 1598 verum
1095 1529 1265 1597 adducere
1286 1528 1437 1613 studeat;
1463 1529 1585 1598 sedne

470 1642 502 1708 ei
517 1637 660 1730 quidem
680 1637 892 1727 oratori,qui
908 1636 1063 1704 officium
1075 1658 1179 1703 snum
1200 1660 1220 1705 a
1230 1636 1369 1728 justitia
1383 1637 1431 1704 ita
1450 1643 1586 1726 separet

469 1756 571 1836 atque
597 1773 612 1804 ιι
631 1746 724 1813 veris
754 1743 933 1812 credibilia
963 1743 1135 1833 praeferat
1161 1773 1174 1804 ν
1199 1745 1257 1835 (3),
1287 1744 1470 1812 veritatem
1491 1744 1585 1811 inco·

470 1852 604 1939 gnitam
631 1874 707 1919 esse
740 1850 866 1919 debere
893 1849 1108 1919 demonstrat
1140 1850 1204 1918 hac
1238 1851 1385 1936 ratione,
1420 1851 1512 1941 quod
1536 1850 1583 1931 id,

471 1958 716 2048 quodcumque
731 1964 847 2025 orator
864 1956 1073 2048 persuadere
1097 1958 1260 2042 voluerit,
1281 1960 1387 2047 vulgo
1408 1958 1585 2049 probabile

422 2101 428 2112 ·
469 2088 538 2133 non
560 2066 660 2133 aliter
684 2087 790 2154 quam
807 2086 868 2155 per
891 2064 1049 2132 veritatis
1081 2063 1350 2132 similitudinem
1366 2065 1437 2151 liat,
1461 2066 1586 2132 simili-

469 2172 609 2239 tudines
633 2177 751 2239 autem
781 2171 855 2240 veri
886 2170 1005 2255 abeo,
1039 2171 1100 2260 qui
1133 2173 1317 2240 veritatem
1345 2174 1493 2255 noverit,
1530 2173 1585 2241 vel

470 2279 650 2368 aptissime
666 2278 810 2368 reperiri
826 2278 960 2367 possint
979 2278 1039 2366 (θ).
1056 2317 1099 2326 -
1120 2277 1218 2358 Quod
1243 2280 1272 2345 si
1299 2279 1339 2345 ad
1356 2279 1461 2346 talem
1483 2301 1586 2368 argu·

470 2385 721 2452 mandationem
755 2406 832 2451 eam
870 2384 1041 2451 rationem
1071 2383 1343 2469 admoverimuS,
1371 2407 1475 2474 quam
1505 2408 1585 2452 cum

471 2492 600 2580 Gorgia
615 2490 796 2581 disputans
809 2491 967 2559 Socrates
981 2492 1031 2557 sic
1044 2491 1187 2581 profert,
1201 2520 1216 2553 ιι
1233 2513 1326 2574 eum,
1342 2492 1401 2581 qui
1411 2489 1585 2580 justitiam

471 2598 643 2682 didicerit,
659 2606 793 2686 justum
807 2600 881 2667 fore
906 2599 966 2689 (ὅ),
990 2622 1104 2689 neque
1138 2601 1247 2689 igitur
1274 2622 1431 2689 unquam
1452 2600 1585 2690 aliquid

425 2779 426 2783 γ
470 2710 589 2771 contra
601 2703 776 2793 justitiam
797 2705 971 2772 facturum
986 2728 1061 2773 esse
1081 2736 1109 2790 ν,
1127 2705 1175 2792 ¹ad
1192 2707 1304 2795 ipsam
1327 2708 1586 2775 conclusionem

469 2804 693 2900 deducemur,
717 2813 761 2881 ad
789 2834 894 2901 quam
919 2812 1077 2879 Socrates
1104 2813 1139 2878 in
1168 2812 1292 2903 Gorqio
1313 2813 1585 2902 disputationem

470 2944 570 2988 snam
592 2921 722 3010 dirigit,
746 2950 761 2982 ι(
788 2941 906 2988 νειοῖο
936 2920 1145 2986 rhetoricam
1161 2941 1180 2986 a
1190 2919 1327 3009 justitia
1347 2922 1500 3010 separari
1517 2944 1583 2987 non

471 3050 571 3117 posse
593 3048 633 3108 »3
655 3027 714 3094 sed
740 3025 882 3116 quidem
909 3026 943 3091 in
975 3048 1148 3106 sermone,
1183 3048 1288 3115 quem
1319 3049 1399 3093 cum
1428 3027 1585 3095 Phaedro

470 3130 586 3216 habet,
603 3132 762 3199 Socrates
774 3130 863 3198 hanc
879 3131 1039 3199 ultimam
1055 3132 1227 3198 rationem
1247 3156 1315 3199 non
1331 3133 1471 3202 adhibet
1491 3156 1496 3167 ·
1516 3158 1584 3224 quo

470 3239 506 3305 in
526 3238 663 3327 dialogo
688 3238 774 3305 illud
791 3238 972 3305 dumtaxat
990 3238 1177 3306 admonere
1192 3239 1280 3323 vult,
1298 3263 1447 3329 quarum
1468 3264 1585 3309 rerum

469 3347 614 3413 scientia
629 3368 685 3412 ars
709 3344 846 3412 dicendi
861 3346 952 3413 effici
967 3347 1075 3436 possit
1090 3345 1151 3436 (6),
1168 3352 1436 3436 utramcumque
1451 3349 1486 3414 in
1508 3371 1585 3438 par-

471 3464 539 3520 tem
561 3456 626 3520 hac
640 3459 715 3520 arte
727 3452 776 3520 ita
791 3459 991 3543 comparata
1011 3460 1129 3521 orator
1152 3476 1280 3521 usurus
1294 3455 1337 3521 sit
1356 3454 1412 3544 (7).
1430 3455 1470 3522 Et
1486 3479 1582 3542 vero,

499 3672 533 3733 (l)
548 3670 587 3722 Cf.
600 3672 689 3733 Gorg,
704 3673 864 3735 praesertim
878 3675 923 3722 515
938 3686 997 3737 sqq.

500 3745 533 3805 (2)
545 3742 583 3793 of.
598 3742 722 3802 l'hoedr„
734 3745 778 3792 261
797 3745 819 3793 Α
835 3758 867 3794 z«
887 3744 953 3817 'Ap’
974 3742 1020 3797 οὖν
1036 3744 1067 3798 οὐ
1085 3745 1116 3798 τὸ
1139 3745 1185 3818 μὲν
1202 3744 1267 3801 θ’λον
1290 3748 1307 3815 ἡ
1333 3748 1465 3824 ῥητορικὴ
1491 3748 1521 3803 ἂν
1541 3747 1583 3820 εἷή

468 3820 550 3897 τέχνη
570 3824 737 3898 ψυχαγωγία
750 3843 791 3884 τις
807 3821 851 3878 διὰ
863 3822 989 3900 λόγων...
1006 3821 1066 3878 κτλ.
1085 3848 1097 3878 ν

497 3905 530 3964 (3)
546 3904 653 3953 Utimur
664 3904 752 3952 verbis
770 3905 939 3964 Quintiliani,
954 3905 1023 3954 inst.
1033 3908 1101 3955 orat.
1118 3907 1150 3964 ll,
1163 3920 1221 3970 cap.
1237 3908 1276 3965 15,
1292 3910 1353 3967 531.

499 3976 532 4035 (4)
548 3973 586 4024 Gi.
598 3974 712 4024 Phaedr.
730 3977 774 4024 260
790 3977 820 4029 Α,
837 3979 881 4025 262
891 3977 945 4025 Ab
957 3990 963 4036 ;
976 3991 1044 4039 quae
1059 3978 1098 4027 ita
1113 3979 1280 4042 colliguntur
1292 3982 1336 4028 273
1348 3981 1368 4028 D
1381 3995 1386 4028 :
1402 4000 1446 4029 ι...
1460 3978 1552 4036 πάλαι.
1562 4025 1583 4037 ..

468 4044 635 4118 τυγχάνομεν
651 4042 785 4118 λέγοντες,
806 4046 843 4107 ὡς
862 4045 913 4120 ἄρα
932 4051 1014 4101 τοῦτο
1029 4048 1060 4101 τὸ
1079 4048 1151 4109 εἰκὸς
1173 4054 1231 4108 τοῖς
1246 4046 1358 4110 πολλοῖς
1374 4047 1399 4104 iz
1414 4051 1584 4124 ’ὁμοιότητα

468 4127 516 4176 τοῦ
532 4121 655 4193 ἀληθοῦς
670 4125 802 4201 τυγχάνει
815 4123 1008 4202 ἐγγιγνόμενον
1026 4148 1032 4159 ·
1053 4129 1101 4189 τὰς
1117 4126 1146 4182 δὲ
1170 4129 1336 4201 ὁμοιότητας
1359 4129 1419 4204 ἄρτι
1435 4129 1583 4206 διήλθομεν

469 4200 510 4255 ὅτι
526 4204 693 4278 πανταχυῦθ
709 4206 757 4273 τήν
772 4203 901 4274 ἀλήθειαν
915 4204 994 4266 εἰδὼς
1010 4204 1144 4263 κάλλιστα
1159 4206 1300 4264 ἐπίσταται
1324 4210 1496 4284 εὑρίσκειν...
1515 4236 1527 4265 ν

500 4286 533 4344 (5)
549 4284 587 4333 Gi.
601 4284 689 4347 Gorg„
717 4288 762 4333 460
780 4286 833 4335 B-C
852 4304 857 4335 :
874 4288 892 4330 ἰι
907 4306 921 4339 o
937 4306 969 4339 τα
986 4283 1077 4340 binata
1094 4288 1261 4360 μεμαθηκὼς
1278 4287 1414 4352 δίκαιος...
1429 4289 1489 4345 κτλ.
1510 4311 1521 4341 υ
1537 4295 1584 4344 Na·

469 4377 521 4425 que
536 4364 588 4412 hoc
602 4363 662 4413 loco
673 4365 753 4413 nohis
768 4368 809 4415 est
830 4366 1030 4429 explicandum,
1046 4371 1178 4431 quantum
1204 4370 1293 4420 valeat
1307 4386 1441 4435 quamque
1469 4374 1521 4424 late
1536 4389 1585 4438 pa-

467 4436 523 4483 teat
536 4434 603 4483 baec
617 4435 686 4485 ratio
699 4435 728 4484 in
736 4436 876 4487 Platonica
888 4437 1018 4488 doctrina.

499 4506 532 4567 (6)
560 4507 679 4565 Quarum
712 4520 803 4556 rerum
831 4510 1018 4559 acutissimam
1052 4513 1285 4562 enumerationem
1312 4517 1432 4579 repetere
1462 4517 1525 4567 licet
1556 4518 1584 4566 in

466 4574 599 4637 Phaedro,
613 4580 658 4626 273
674 4578 731 4627 ΒΕ
748 4593 754 4637 ;
767 4581 847 4643 atque
857 4581 940 4629 etiam
949 4583 994 4630 2Ἱῖ
1009 4583 1073 4631 B-C.

500 4649 532 4709 (ἶ)
543 4649 668 4698 Extrema
681 4652 789 4699 tantum
804 4653 830 4700 et
842 4652 900 4713 jam
910 4652 1028 4715 perlecta
1046 4635 1277 4705 demonstratione
1291 4672 1341 4706 sua
1359 4658 1410 4707 hoc
1434 4658 1515 4718 addit,
1532 4674 1584 4722 quo

468 4718 525 4781 ipse
540 4720 650 4782 quidem
662 4722 845 4771 honestiorem
867 4724 948 4785 hujus
964 4725 1030 4773 artis
1046 4738 1126 4774 usum
1138 4728 1312 4777 commendat
1326 4746 1331 4776 :
1346 4749 1388 4778 ν...
1402 4730 1434 4797 ἣν
1449 4730 1586 4805 (πραγμά-

466 4799 548 4869 τειαν)
565 4798 618 4874 οὐχ
628 4797 706 4853 ἕνεκα
718 4805 767 4853 τοῦ
785 4798 871 4874 λέγειν
887 4803 931 4856 καὶ
945 4803 1072 4876 πράττειν
1086 4805 1154 4877 πρὸς
1169 4804 1327 4879 ἀνθρώπους
1344 4805 1384 4861 δεῖ
1400 4806 1584 4863 διαπονεῖσθαι
1633 4858 1635 4862 ,

466 4878 512 4932 τὸν
528 4878 663 4955 σώφρονα,
679 4878 747 4933 ἀλλὰ
763 4885 811 4934 τοῦ
832 4884 903 4944 θεοῖς
919 4882 1102 4959 κεχαρισμένοι
1120 4884 1166 4956 μέν
1194 4884 1281 4961 λέγειν
1302 4884 1440 4958 δύνασθαι,
1455 4908 1585 4964 κεγαρισ-

469 4957 554 5033 μέντοι.
572 4958 600 5015 δὲ
619 4961 745 5034 πράττειν
760 4962 790 5016 τὸ
804 4967 855 5015 πᾶν
874 4962 911 5023 εἰς
926 4960 1049 5037 δύναμιν,
1068 4983 1079 5007 ν
1090 4965 1230 5028 (Μαθεῖν,
1244 4970 1289 5018 2Ῑ3
1302 4970 1344 5033 Ε.)
1497 4952 1506 4964 „
