4467 6167
933 860 1109 925 -33-

466 1027 713 1109 Coruncanios,
743 1025 929 1107 Fabricios,
966 1027 1125 1107 Catones,
1148 1028 1341 1118 Scipiones,
1378 1051 1481 1095 cnon
1513 1034 1585 1097 tam

462 1135 610 1203 fortasse
652 1133 783 1215 doctm,
814 1133 873 1202 sed
909 1135 1041 1224 impetu
1076 1135 1202 1202 mentis
1241 1136 1349 1203 simili
1391 1142 1425 1203 et
1462 1136 1586 1204 volun-

464 1248 533 1311 tate
549 1244 590 1330 (1)
612 1266 643 1308 r.
665 1241 735 1309 Nec
750 1263 832 1310 vero
847 1263 917 1308 non
941 1240 1020 1331 jure
1036 1239 1189 1331 quodam
1217 1241 1403 1330 significat,
1431 1248 1585 1310 veterem

463 1349 560 1417 illam
579 1347 786 1427 doctrinam,
805 1370 894 1437 quae
911 1375 927 1407 α
950 1353 983 1414 et
1003 1354 1094 1415 recte
1116 1347 1266 1416 faciendi
1291 1354 1324 1415 et
1341 1347 1426 1416 bene
1450 1348 1586 1416 dicendi

465 1455 632 1545 magistra
655 1482 670 1515 »
685 1452 805 1521 eadem
820 1454 943 1544 fuisset
958 1455 1019 1541 (2),
1042 1454 1235 1543 perstitisse
1249 1476 1310 1543 per
1329 1476 1399 1528 eos.
1418 1478 1505 1544 quos
1519 1456 1586 1545 pri·

464 1584 538 1628 mos
564 1562 655 1629 inter
681 1560 829 1628 Graecos
855 1584 911 1628 ca
938 1560 1100 1649 regendis
1129 1559 1326 1628 civitatibus
1364 1568 1455 1628 totos
1481 1584 1517 1629 se
1542 1559 1585 1628 ad

467 1669 701 1758 cognitionem
717 1689 835 1734 rerum
851 1667 1099 1734 transtulisse»
1129 1668 1176 1733 ait
1194 1667 1253 1756 (3),
1277 1674 1316 1732 ut
1337 1667 1585 1757 Pythagoram,

467 1776 718 1852 Democritum,
738 1775 1003 1862 Anaxagoram:
1019 1774 1090 1862 qui,
1108 1795 1187 1840 cum
1204 1771 1245 1840 ad
1265 1773 1480 1863 acquirenda
1499 1773 1586 1863 phy·

467 1882 538 1947 sica
553 1888 585 1947 et
614 1888 737 1947 cuncta
758 1879 919 1948 caelestia
947 1902 983 1947 se
1010 1886 1253 1949 converterent
1278 1880 1326 1967 (1)
1348 1880 1482 1968 [under
1501 1881 1588 1970 phy-

468 1988 620 2054 sicorum
644 2009 803 2054 »nomen
829 1988 877 2053 eis
894 1985 1065 2054 tributum
1081 1987 1149 2074 est]
1173 1985 1234 2075 (5),
1253 1993 1326 2053 tum
1349 1985 1453 2052 iidem
1479 1987 1586 2069 iniis,

468 2116 556 2183 quae
571 2093 614 2160 ad
629 2115 743 2159 mores
757 2092 845 2161 etad
867 2094 956 2160 vitae
976 2093 1088 2161 civilis
1107 2093 1222 2160 officia
1238 2093 1470 2183 pertinebant,
1490 2091 1588 2182 prae·

467 2205 566 2288 cepta
586 2222 605 2265 a
631 2198 823 2287 majoribus
843 2205 877 2266 et
890 2198 932 2265 ab
951 2200 1084 2288 optimo
1098 2222 1237 2288 quoque
1254 2199 1377 2266 tradita
1404 2199 1588 2266 observare

466 2328 536 2372 non
557 2303 762 2372 desinebant
787 2328 896 2395 eaque
928 2307 986 2375 vix
1018 2305 1255 2395 argutioribus
1282 2305 1491 2396 quibusdam
1513 2328 1590 2372 sen-

467 2412 586 2480 tentiis
603 2412 761 2479 excolere
777 2419 809 2479 et
826 2435 950 2479 ornare
968 2412 1214 2503 studebantlb)
1230 2412 1337 2502 [quod
1354 2412 1492 2502 quidem
1509 2435 1589 2501 poe·

468 2526 521 2586 tae
538 2520 656 2601 etiam,
673 2560 711 2568 -
728 2519 825 2609 lyrici
837 2520 1000 2601 maxime,
1019 2526 1052 2586 et
1069 2520 1093 2584 ii
1105 2519 1164 2607 qui
1181 2527 1316 2601 γνωμικοὶ
1330 2518 1414 2586 dicti
1429 2519 1531 2608 sunt(
1560 2533 1585 2602 ),

469 2668 509 2675 -
530 2626 713 2714 faciebant]
745 2627 834 2692 Tum
859 2627 1021 2716 deinceps
1038 2628 1203 2715 Gorgiam
1233 2632 1264 2692 et
1288 2625 1589 2716 Thrasymachum

468 2740 499 2799 ct
524 2732 610 2800 alios
639 2734 694 2799 vel
719 2731 876 2821 ejusdem
897 2733 951 2800 vel
972 2734 1076 2823 paulo
1101 2733 1279 2800 interioris
1308 2733 1444 2813 aetatiS,
1466 2771 1499 2781 -
1528 2732 1589 2821 qui

471 2869 485 2899 «
509 2841 625 2905 minus
663 2840 729 2928 ipsi
750 2840 787 2904 in
807 2839 998 2928 republica
1022 2840 1150 2907 versati
1174 2868 1188 2900 »
1215 2861 1357 2929 operam
1389 2861 1486 2905 suam
1522 2837 1590 2905 huc

467 2946 700 3023 contulerunt,
718 2953 757 3011 ut
772 2972 787 3006 «
803 2967 992 3033 puerorum
1006 2952 1140 3012 mentes
1159 2945 1201 3012 ad
1219 2946 1472 3013 humanitatem
1486 2953 1590 3034 atque

469 3052 637 3120 virtutem
658 3075 693 3119 se
710 3052 843 3139 tingere
855 3051 903 3141 (8)
924 3081 937 3110 »
955 3052 1213 3141 profiterentur,
1227 3093 1264 3101 -
1284 3053 1402 3119 Cicero
1414 3075 1476 3140 per
1490 3052 1589 3118 Cras-

469 3179 547 3223 sum
567 3180 671 3224 suum
701 3179 769 3223 non
803 3156 953 3225 absurde
968 3159 1051 3225 tacit
1073 3158 1229 3249 ejusdem
1248 3160 1408 3249 ancipitis
1440 3157 1589 3225 necdum

468 3263 644 3354 sejunctae
672 3262 821 3331 faciendi
850 3263 1060 3354 dicendique
1094 3266 1286 3354 sapientiae
1322 3265 1491 3350 doctoreS,
1522 3287 1590 3353 qua

467 3372 654 3438 instructos
668 3369 950 3450 Themistoclem,
968 3372 1146 3448 Periclem,
1171 3373 1423 3439 Theramenem
1440 3372 1474 3437 in
1488 3393 1589 3461 repu-

469 3475 558 3544 blica
584 3477 736 3567 gerenda
751 3477 911 3547 floruisse
940 3479 1023 3546 dicit
1044 3479 1090 3567 (9)
1114 3501 1121 3547 :
1156 3478 1239 3545 dum
1273 3485 1389 3546 autem
1412 3478 1588 3545 Socratem

469 3583 540 3649 illis
555 3585 710 3674 opponit,
737 3589 903 3673 tanquam
925 3608 1017 3671 eum,
1042 3586 1102 3674 qui
1130 3587 1342 3675 «sapienter
1372 3584 1541 3651 sentiendi
1556 3590 1590 3652 et

468 3696 589 3757 ornate
605 3688 742 3757 dicendi
775 3692 956 3759 scientiam
978 3715 1014 3758 re
1043 3692 1268 3759 cohaerentes
1294 3692 1589 3781 disputationibus

469 3797 540 3863 suis
567 3798 800 3886 separavisset
820 3799 892 3888 (10)
915 3826 943 3877 ι),
974 3822 1044 3865 non
1063 3805 1161 3866 curat
1189 3798 1479 3874 animadvertere.
1509 3821 1590 3865 eum

470 3902 533 3970 hac
555 3904 631 3994 ipsa
655 3905 874 3994 separatione
904 3933 919 3967 κ
954 3907 1129 3995 sapienter
1153 3905 1326 3973 sentiendi
1362 3906 1543 3973 scientiam
1572 3935 1586 3968 u

500 4136 533 4200 (1)
548 4135 586 4187 Cf.
600 4136 638 4185 De
655 4136 698 4185 Or.
715 4136 761 4197 ΙΙΙ,
775 4139 805 4186 56
818 4151 824 4197 ;
839 4140 866 4187 et
880 4152 974 4187 rursus
989 4139 1104 4187 134-131.

501 4209 577 4270 (2)(11
594 4209 626 4270 (3)
643 4207 803 4257 1111115651.
838 4235 867 4246 -
889 4208 959 4258 Nam
982 4209 1069 4257 illos«
1091 4212 1196 4273 septem
1213 4225 1223 4254 n
1241 4223 1337 4259 omncs
1361 4212 1468 4274 praeter
1491 4209 1591 4260 Thalen

468 4279 604 4328 Milesium
620 4298 631 4320 u
647 4279 805 4329 civitatibus
828 4280 885 4328 suis
902 4278 1051 4343 praefuisse
1068 4300 1079 4323 »
1103 4282 1194 4331 Cicero
1210 4282 1288 4329 notat
1306 4280 1360 4340 (ΙΙΙ,
1377 4284 1440 4343 ter),
1459 4309 1489 4317 -
1505 4296 1591 4345 neque

469 4349 577 4399 adrem
590 4352 713 4399 nostram
733 4351 856 4407 interest,
871 4363 963 4399 nonne
983 4349 1052 4399 falso
1075 4351 1241 4414 Pythagoras
1256 4351 1296 4399 ita
1317 4351 1452 4400 dicatura
1473 4353 1591 4401 rectione

470 4421 612 4470 civitatum
627 4434 687 4470 sese
708 4421 892 4470 abstraxisse:
905 4420 937 4470 de
952 4435 1005 4484 quo
1021 4421 1055 4471 ct.
1068 4424 1097 4471 E.
1114 4422 1200 4471 Zetler
1214 4421 1338 4471 translat.
1352 4422 1386 4471 ab
1397 4423 1425 4470 E.
1444 4424 1591 4481 Bootroux,

469 4489 639 4553 Philosopbie
653 4493 699 4540 dec
711 4492 800 4553 Grerr,
813 4495 834 4541 t.
850 4494 870 4551 l,
885 4507 912 4556 p.
929 4495 968 4542 13.

499 4564 534 4626 (Ι)
549 4562 588 4611 Gt.
607 4561 710 4611 Tuscut.
729 4564 757 4622 V,
777 4565 805 4612 10
819 4564 862 4624 (de
878 4585 889 4609 «ι
906 4565 1018 4627 antiqua
1032 4564 1206 4628 philosophia
1220 4577 1307 4627 usque
1329 4563 1361 4612 ad
1383 4564 1547 4613 Socratem»
1563 4564 1591 4613 id

471 4632 579 4682 dicitur.

501 4707 535 4768 (5)
548 4704 587 4754 Gt.
602 4705 686 4753 dead.
697 4705 784 4769 prior.
803 4706 836 4765 ll,
853 4709 882 4755 13
896 4724 902 4767 ;
917 4707 955 4755 De
970 4706 1016 4757 Or.
1034 4707 1053 4766 Ι,
1074 4708 1115 4756 42.

501 4777 535 4838 (6)
550 4776 587 4825 De
602 4790 634 4824 ea
652 4790 680 4824 re
700 4776 734 4825 ct.
753 4777 783 4825 E.
800 4777 893 4839 Zetler,
915 4792 980 4840 opus
1008 4779 1179 4842 designatum
1216 4780 1234 4827 t.
1251 4778 1271 4836 Ι,
1290 4791 1316 4841 p.
1334 4778 1396 4836 13“Ι;
1415 4779 1435 4825 t.
1450 4777 1482 4836 tl,
1498 4792 1522 4841 p.
1544 4780 1593 4836 373

471 4848 593 4908 ara-acm
608 4848 663 4909 aaa
679 4849 734 4896 450.

503 4919 536 4980 (Ι)
555 4918 597 4968 Gt.
610 4918 705 4978 Zetler,
717 4934 759 4983 op.
775 4919 888 4983 desipit,
905 4922 924 4969 t.
940 4921 961 4981 l,
976 4935 1003 4984 p.
1019 4923 1073 4970 105.

506 4991 551 5053 (8),
567 4990 600 5052 (9)
610 4991 638 5040 et
651 4990 701 5054 (10)
712 4990 750 5040 01.
764 4990 802 5039 De
818 4991 861 5041 Or.
879 4992 924 5050 ΙΙΙ,
941 4993 1065 5042 accuso.
