4467 6167
1022 914 1195 983 ,99-

554 1123 596 1132 -
618 1082 838 1171 Quanquam,
854 1103 941 1171 quos
963 1110 977 1142 Ι
996 1081 1103 1148 bonos
1119 1080 1213 1147 viros
1232 1108 1247 1140 »
1270 1077 1317 1168 (Ι)
1332 1078 1374 1146 ad
1404 1079 1558 1170 privatae
1579 1081 1671 1148 vitae

555 1189 724 1279 rationem
744 1210 818 1255 esse
842 1210 912 1255 non
926 1187 1087 1278 negabat,
1101 1187 1240 1255 eosdem
1251 1193 1417 1274 tanquam
1431 1209 1450 1253 a
1462 1187 1672 1276 capessenda

555 1295 731 1385 republica
756 1317 860 1362 suum
882 1295 1109 1385 «sapientem
1132 1323 1147 1356 n
1171 1294 1213 1361 ad
1236 1324 1249 1354 «
1280 1294 1427 1361 otiosam
1448 1295 1555 1361 vitam
1584 1296 1669 1385 (2)»

555 1409 737 1470 avocantes
752 1408 790 1469 ut
801 1401 1133 1492 vincivilisprobare
1147 1402 1289 1469 omnino
1303 1423 1370 1467 non
1386 1407 1518 1490 poterat
1537 1423 1544 1468 :
1566 1424 1672 1491 quam

555 1510 667 1600 ipsam
683 1508 727 1575 ob
746 1531 887 1576 causam
908 1531 969 1599 per
989 1509 1151 1577 Crassum
1176 1531 1280 1575 suum
1302 1508 1336 1574 in
1357 1508 1509 1576 secundo
1525 1507 1567 1575 de
1589 1510 1672 1575 Ora-

556 1629 626 1684 tore
639 1615 728 1683 libro
744 1623 972 1705 quaerentem
989 1644 1004 1679 a
1019 1639 1090 1684 non
1106 1638 1195 1705 quae
1215 1622 1305 1684 essct
1322 1614 1542 1705 philosophia
1561 1617 1671 1684 veris·

556 1723 656 1805 sima,
687 1722 747 1791 sed
779 1745 868 1809 quae
892 1724 1019 1790 oratori
1048 1723 1232 1813 conjuncta
1252 1722 1403 1790 maxime
1424 1752 1452 1803 n,
1471 1745 1529 1791 eos
1551 1724 1672 1791 -etsi

558 1859 573 1892 «
589 1832 663 1898 sine
674 1830 745 1897 ulla
756 1830 968 1897 contumelia
988 1860 1001 1891 n
1021 1830 1270 1897 —dimittebat
1298 1830 1354 1917 (3).
1386 1830 1456 1898 Noc
1471 1853 1554 1898 vero
1578 1830 1673 1898 vide-

556 1937 636 2004 licet
656 1938 730 2004 sinc
750 1937 871 2005 eadem
902 1938 1062 2027 quamvis
1076 1937 1180 2004 tacita
1199 1938 1400 2025 exceptione
1421 1943 1453 2003 et
1473 1938 1508 2003 in
1529 1960 1592 2005 sua
1610 1960 1672 2026 pro

557 2043 851 2112 Archiooratione
872 2044 1045 2124 Africano,
1063 2043 1179 2111 Laelio
1211 2043 1238 2110 L
1268 2044 1385 2124 Furio,
1398 2066 1673 2110 commemoran-

557 2150 608 2217 dis
628 2149 868 2241 philosophiae
879 2150 1035 2218 studium
1059 2151 1106 2217 ita
1126 2149 1403 2233 commendabat,
1418 2157 1584 2240 tanquam
1595 2150 1673 2217 doe-

558 2257 669 2324 trinae
694 2258 967 2326 conlormatione
1004 2257 1046 2325 ad
1095 2269 1253 2323 reatorem
1291 2258 1455 2324 eximiam
1491 2257 1673 2325 accedente

559 2393 573 2425 a
594 2364 810 2454 praeclarum
826 2387 866 2431 ac
896 2364 1073 2453 singulare
1089 2389 1106 2429 n
1124 2363 1291 2454 quiddam
1307 2363 1395 2430 ellici
1411 2364 1536 2431 soleret
1551 2365 1613 2454 (l),
1632 2404 1674 2415 -

558 2476 591 2538 et
606 2471 640 2536 in
656 2472 835 2561 prooemio
850 2472 943 2539 tertii
962 2472 1003 2537 de
1021 2470 1203 2561 Republica
1219 2471 1299 2538 libri
1321 2470 1368 2560 (ὅ)
1391 2493 1451 2561 pcr
1470 2470 1673 2538 corumdem

558 2578 797 2668 exemplorum
824 2579 1054 2669 prolationem
1080 2578 1244 2645 similiter
1272 2576 1426 2656 docebat,
1445 2577 1504 2666 qui
1522 2607 1536 2638 Ι
1555 2577 1597 2645 ad
1613 2578 1672 2644 do·

559 2684 742 2750 mesticum
780 2682 1024 2775 majorumque
1057 2707 1189 2751 morem
1219 2684 1325 2751 etiam
1359 2683 1457 2750 illam
1490 2683 1674 2751 aSocrate

559 2790 790 2859 adventiciam
801 2791 994 2859 doctrinam
1016 2795 1067 2881 (6)
1083 2790 1286 2859 adhiberent
1305 2816 1336 2875 n,
1354 2813 1412 2857 eos
1434 2820 1448 2852 a
1471 2790 1514 2859 ad
1536 2789 1674 2858 laudem

559 2896 675 2962 omnia
689 2903 892 2964 consecutos
908 2919 983 2963 esse
999 2925 1029 2964 a.

1105 3285 1141 3337 ΙΙΙ

605 3538 760 3627 Cumque
782 3560 843 3628 per
857 3561 978 3606 earum
998 3539 1205 3628 opinionum
1230 3539 1497 3620 successionem,
1527 3561 1614 3627 quas
1634 3539 1676 3607 de

562 3646 667 3715 variis
681 3644 913 3736 philosophiis
941 3647 989 3712 sic
1010 3645 1216 3734 proterebat,
1245 3653 1362 3713 noster
1393 3652 1509 3712 orator
1528 3645 1570 3712 ad
1588 3645 1677 3713 hanc

560 3752 720 3819 intimam
736 3752 907 3818 rationem
919 3774 954 3818 se
965 3758 1201 3841 componeret,
1213 3759 1249 3819 ut
1263 3775 1403 3820 omnem
1419 3753 1676 3843 philosophiam

560 3858 655 3927 adea
683 3857 823 3927 vivendi
850 3868 1032 3948 praecepta
1063 3881 1225 3927 revocare
1256 3860 1445 3943 videretur,
1475 3883 1564 3950 quae
1592 3860 1676 3949 ipsis

561 4072 702 4121 Caesarem
718 4071 790 4119 intra
817 4070 935 4133 parietes
959 4069 1061 4127 habuit,
1087 4070 1120 4118 bl.
1145 4070 1248 4119 Tullius
1269 4069 1300 4117 de
1326 4070 1473 4119 virtutibus
1491 4070 1600 4132 quasin
1615 4084 1676 4134 rege

560 4142 688 4193 laudabat
705 4143 763 4203 (ab,
780 4141 812 4206 de
831 4162 843 4185 «ι
860 4141 1047 4204 magnitudine
1065 4143 1158 4192 animi.
1186 4142 1328 4204 gravitate,
1342 4142 1498 4190 constantia
1510 4161 1530 4201 o,
1548 4142 1676 4205 loquitur,

561 4217 691 4277 tanquam
704 4230 718 4260 n
733 4214 799 4277 haee
811 4227 901 4261 omnes
920 4211 993 4261 docti
1019 4215 1099 4275 atque
1111 4214 1248 4276 sapientes
1262 4227 1374 4270 suranna,
1394 4212 1505 4275 quidam
1521 4215 1603 4261 etiam
1619 4214 1678 4264 sota

562 4285 632 4334 bona
642 4298 701 4334 esse
714 4283 858 4342 dixissent,
870 4284 967 4347 hisque
979 4297 1034 4331 non
1049 4283 1131 4332 modo
1142 4283 1176 4332 ad
1189 4282 1261 4341 dene,
1277 4282 1323 4331 sed
1339 4284 1423 4331 etiam
1443 4283 1475 4332 ad
1492 4284 1568 4333 beate
1584 4286 1677 4335 viven-

561 4355 625 4405 dum
639 4358 797 4405 contentam
818 4369 878 4405 esse
894 4356 1024 4404 virtutem
1045 4371 1067 4403 n.
1095 4383 1125 4391 —
1141 4354 1216 4403 Hane
1242 4355 1331 4418 ipsam
1353 4354 1384 4403 de
1408 4356 1516 4405 virtutis
1538 4357 1562 4405 vi
1580 4358 1679 4421 Epicu-

561 4440 635 4476 ream
659 4428 825 4476 sententiam
849 4426 941 4475 Pisoni
965 4426 1100 4487 objectam
1129 4426 1246 4475 vidimus
1263 4427 1290 4474 in
1306 4427 1365 4475 ioco
1391 4441 1471 4491 quem
1490 4429 1620 4491 supralp.
1640 4431 1678 4490 86)

562 4498 745 4562 excerpsimus
758 4512 789 4546 ex
806 4511 846 4546 or.
862 4499 890 4545 in
901 4498 1031 4556 Pisonem,
1044 4501 1085 4546 42.

594 4569 626 4631 (Ι)
638 4571 674 4617 De
690 4567 764 4617 Orat.
777 4568 822 4626 ΙΙΙ,
836 4570 876 4617 ot.
896 4567 934 4618 Cl.
946 4568 984 4616 De
996 4568 1090 4626 Finit,
1110 4568 1141 4625 ΙΙ,
1160 4569 1242 4616 80-81.

594 4640 626 4703 (2)
639 4640 668 4687 Ρ.
678 4638 774 4701 Sestio,
789 4641 827 4688 23.

594 4712 625 4774 (3)
644 4711 681 4759 De
701 4710 775 4760 Orat.
788 4711 833 4770 ill,
850 4712 934 4759 63-64.

594 4781 626 4846 (Ι)
641 4783 671 4830 P.
685 4781 791 4839 Archia,
809 4796 866 4845 cap.
881 4784 895 4830 Ι
910 4783 1012 4834 {locum
1027 4796 1108 4846 supra
1121 4782 1265 4842 notatum).

594 4854 627 4916 (5)
644 4854 681 4902 De
692 4851 801 4916 Repudl.
817 4853 861 4913 ΙΙΙ,
878 4855 930 4903 Ι·6.

594 4925 626 4988 (6)
642 4926 673 4975 Et
682 4923 792 4988 quidem
802 4924 876 4988 ipsos
889 4925 1055 4988 Epicureos«
1068 4925 1263 4989 aphilosophis
1273 4939 1288 4973 a
1297 4925 1405 4974 Socrate
1416 4928 1443 4974 et
1459 4925 1568 4974 Platone
1578 4923 1680 4988 profec-

563 4996 597 5047 tis
618 5014 630 5043 Ι
648 5010 789 5061 segregare
801 4996 907 5046 videtur
922 4997 951 5045 in
975 4997 1048 5045 Tuae.
1065 4997 1096 5055 V,
1113 4999 1211 5058 Ι19,-
1229 4996 1275 5046 sed
1290 4996 1324 5045 ct.
1342 4998 1487 5047 contraite
1504 4997 1547 5046 Or.
1566 4997 1612 5053 ΙΙΙ,
1629 5000 1678 5056 62;

562 5068 647 5117 deod.
661 5068 748 5133 prior.
764 5067 797 5127 ΙΙ,
810 5068 863 5118 iti.
