4467 6167
908 810 1082 877 „65-

438 984 578 1053 doctore
594 980 745 1050 Athenis
766 1007 781 1040 «
809 986 1036 1047 renovaverat
1059 1007 1075 1041 a
1093 980 1152 1069 (1).
1183 979 1249 1047 Sed
1278 980 1432 1070 quidem,
1465 982 1556 1071 quod

438 1091 448 1157 i
454 1112 515 1180 pse
536 1086 627 1155 haud
653 1086 798 1154 obscure
819 1086 997 1177 protessus
1010 1092 1074 1169 est,
1088 1109 1136 1167 se,
1152 1108 1232 1154 cum
1249 1095 1389 1177 propter
1407 1088 1557 1156 aliarum

439 1217 624 1265 causarum
643 1195 934 1285 opportunitates,
956 1200 1032 1260 tum
1047 1193 1100 1261 vel
1131 1195 1282 1260 maxime
1314 1208 1453 1286 propter
1469 1194 1558 1263 hanc
1635 1248 1637 1253 .

440 1301 682 1394 philosophiae
702 1301 937 1369 accessionem
953 1322 1034 1368 eum
1054 1322 1130 1368 esse
1155 1301 1319 1390 potuisse,
1341 1302 1441 1389 cujus
1461 1304 1558 1392 inge-

407 1479 409 1481 ,
439 1410 497 1477 nic
514 1429 657 1475 romana
672 1407 873 1496 eloquentia
892 1405 934 1474 ad
955 1429 1135 1474 summum
1151 1409 1251 1496 quasi
1277 1409 1456 1498 fastigium
1483 1432 1559 1499 per·

440 1518 583 1594 veniret,
601 1515 762 1605 idipsum
773 1537 837 1582 nos
848 1512 1023 1595 admonet,
1038 1520 1077 1581 ut
1089 1536 1183 1581 nunc
1200 1537 1463 1605 persequamur,
1475 1515 1558 1605 quid

441 1624 662 1714 potissimum
693 1644 754 1711 per
781 1623 874 1711 ipsas
901 1619 975 1710 ejus
1008 1622 1182 1689 orationes
1209 1623 1334 1689 rationi
1359 1622 1402 1689 ab
1422 1624 1497 1712 ipso
1513 1625 1561 1691 ita

441 1732 616 1821 expositae
630 1728 839 1819 respondere
854 1728 1026 1797 videatur.

485 1839 529 1904 Et
541 1838 695 1926 primum
715 1837 772 1904 vix
787 1857 927 1903 necesse
941 1841 993 1902 est
1003 1857 1275 1904 commemorare
1292 1890 1299 1913 ‚
1323 1837 1436 1922 ineis,
1472 1861 1560 1927 quae

440 1944 872 2034 inquisiturisumus,eam
890 1941 1132 2031 philosophiae
1157 1948 1289 2031 partem
1306 1945 1455 2012 maxime
1466 1968 1561 2035 spec-

440 2053 518 2131 tari,
540 2071 647 2141 quam
660 2073 680 2117 a
695 2048 829 2117 duabus
844 2049 921 2117 aliis
936 2049 972 2114 in
993 2049 1105 2137 primo
1126 2049 1166 2115 de
1183 2051 1324 2116 Oratore
1336 2050 1424 2117 libro
1444 2052 1491 2117 ita
1507 2075 1561 2119 se-

442 2165 599 2249 paratam
620 2155 956 2244 vidimus,tanquam
973 2155 1027 2223 vel
1044 2156 1228 2244 praecipue
1245 2156 1296 2222 vel
1314 2157 1416 2223 unice
1431 2160 1559 2224 oratori

444 2294 459 2326 n
488 2262 751 2355 perdiscendam
773 2290 789 2323 »
808 2263 869 2351 (2).
888 2264 976 2329 Nam
997 2259 1198 2329 dialecticae
1221 2263 1479 2351 cognoscendae
1496 2266 1562 2330 uti-

442 2372 533 2453 litas,
549 2392 653 2461 quam
670 2392 690 2436 a
711 2369 875 2437 Cicerone
888 2375 1007 2458 postea
1026 2368 1223 2458 adjunctam
1245 2392 1320 2437 esse
1347 2370 1498 2437 diximus
1515 2370 1562 2460 (3)

443 2483 566 2566 (neque
595 2499 677 2544 vero
710 2498 780 2543 non
808 2474 1064 2542 studiosissime
1104 2476 1141 2542 in
1179 2475 1243 2543 hac
1281 2475 1472 2544 disserendi
1489 2484 1562 2544 arte

443 2583 615 2653 exercitus
633 2584 707 2672 ipse
721 2581 762 2648 ad
770 2604 891 2649 causas
907 2581 1069 2649 dicendas
1086 2575 1290 2672 accesserat)
1318 2583 1379 2674 (l),
1411 2607 1451 2651 ea
1484 2607 1563 2673 pro·

443 2693 531 2760 fecto
547 2695 632 2771 erat,
650 2711 738 2779 quae
752 2711 771 2755 a
790 2688 991 2779 disputandi
1007 2691 1179 2779 angustiis
1192 2688 1234 2756 ad
1249 2718 1264 2751 u
1277 2689 1455 2758 dilatatam
1475 2693 1523 2779 (5)
1545 2719 1561 2753 a

443 2798 639 2866 orationem
665 2796 713 2862 ita
737 2794 917 2861 dumtaxat
942 2796 1201 2877 transferretur,
1242 2803 1279 2862 ut
1310 2820 1368 2883 per
1397 2798 1564 2865 orationis

444 2902 598 2970 membra
611 2902 709 2991 quasi
721 2901 854 2968 suffusa
866 2901 1122 2986 involveretur3
1141 2910 1244 2991 atque
1262 2904 1425 2970 similiter
1436 2905 1507 2971 tere
1523 2904 1564 2973 de

445 3010 670 3101 physicorum
685 3008 881 3096 cognitione
889 3008 1117 3097 judicandum
1132 3019 1195 3092 est,
1220 3011 1249 3075 si
1273 3011 1413 3099 quidem
1448 3019 1565 3078 noster

442 3123 564 3184 auctor
577 3122 668 3183 recte
682 3113 951 3202 admonebat,ah
967 3138 1006 3183 ea
1021 3121 1197 3183 oratorem
1212 3116 1246 3183 id
1271 3119 1424 3184 maxime
1443 3140 1565 3207 sump-

445 3231 564 3291 turum
586 3245 674 3305 esse,
691 3228 730 3289 ut
753 3249 768 3282 κ
791 3222 961 3289 excelsius
977 3223 1329 3312 magnificentiusque
1343 3232 1375 3291 et
1392 3223 1565 3292 diceretet

445 3335 587 3399 sentiret
600 3329 645 3420 (6)
663 3357 691 3395 u.
713 3327 766 3394 Ad
786 3330 927 3395 tertiam
939 3351 1020 3396 vero
1037 3330 1280 3420 philosophiae
1307 3337 1452 3419 partem,
1477 3354 1565 3420 quae

446 3438 489 3505 ad
517 3439 717 3506 universam
756 3436 843 3504 bene
859 3436 1000 3503 vivendi
1014 3437 1184 3504 rationem
1205 3439 1391 3526 spectabat,
1413 3440 1565 3506 maxime

447 3546 621 3636 pertinere
634 3567 692 3611 eos
707 3544 794 3610 locos
808 3544 1032 3633 perspicuum
1059 3551 1122 3627 cst,
1146 3567 1293 3633 quorum
1325 3548 1565 3613 tractationem

446 3676 466 3721 a
485 3651 704 3744 philosophis
718 3652 847 3717 oratori
869 3651 1094 3741 repetendam
1121 3675 1195 3721 csse
1217 3653 1260 3723 M.
1279 3654 1414 3720 Tullius
1437 3653 1566 3720 intelli-

447 3766 568 3849 geret:
590 3760 651 3849 qui
688 3780 793 3848 quam
826 3780 928 3846 saepe
955 3759 989 3823 iu
1011 3759 1155 3826 dicendo
1185 3759 1391 3843 inciderent,
1418 3760 1492 3849 ipse
1508 3782 1566 3826 eos

447 3866 684 3935 enumerando
697 3863 921 3954 indicavit('l)
944 3889 952 3948 3
972 3887 1078 3955 quam
1106 3873 1223 3934 autem
1248 3867 1316 3933 late
1351 3868 1434 3934 haec
1454 3867 1567 3956 philo·

448 3972 591 4064 sophiae
606 3995 686 4063 pars
706 3979 850 4062 pateret,
872 3979 1110 4063 quantamque
1124 3997 1242 4040 rerum
1253 3975 1458 4041 varietatem
1478 3974 1566 4040 inse

446 4080 747 4170 complecteretur,
763 4079 879 4168 ipsum
900 4079 1003 4146 etiam
1022 4081 1223 4149 Ciceronem
1252 4086 1373 4148 testem
1402 4080 1567 4148 adhihere

449 4209 648 4278 possumus,
676 4186 737 4276 qui
762 4194 795 4253 et
827 4188 864 4252 in
888 4186 937 4253 eis
960 4186 1071 4269 libris,
1094 4210 1182 4276 quos
1198 4188 1238 4254 de
1266 4187 1398 4278 Officiis
1414 4188 1565 4277 scripsit,

481 4384 513 4447 (1)
524 4384 602 4434 Anno
614 4384 658 4432 611
675 4382 722 4444 (Cf,
736 4382 824 4441 Brut,
837 4384 890 4447 315)
921 4385 1033 4434 Athenis
1051 4386 1161 4449 quidem
1180 4389 1245 4437 tunc
1261 4391 1287 4437 ct
1299 4389 1411 4437 honoris
1427 4393 1453 4439 et
1476 4391 1569 4440 amici·

449 4457 503 4506 tiae
522 4466 604 4505 causa
628 4453 780 4505 Phaedrum
803 4456 975 4518 Epicureum,
1001 4471 1082 4519 quem
1107 4462 1169 4508 ante
1193 4460 1295 4508 Itomae
1323 4460 1454 4519 audierat,
1472 4476 1566 4510 rursus

448 4529 522 4579 adiit.

480 4602 514 4663 u)
525 4601 563 4650 De
581 4600 636 4660 011,
652 4600 672 4657 1,
686 4600 727 4649 69.
741 4624 772 4633 -
784 4597 822 4647 Cl.
838 4613 927 4663 supra,
943 4604 1066 4649 nostram
1080 4605 1149 4665 part.
1162 4603 1181 4661 Ι,
1195 4617 1221 4666 p.
1234 4604 1320 4652 19-20.

480 4673 514 4735 (3)
530 4673 568 4723 Gi.
582 4685 664 4737 supra
680 4670 803 4719 nostram
818 4675 887 4733 part.
903 4672 923 4731 l,
938 4686 964 4734 p.
980 4674 1018 4720 21.

482 4743 566 4806 (1)(11.
583 4745 704 4799 Brutum,
720 4739 835 4801 399161.
853 4756 942 4805 supra,
955 4756 981 4804 p.
994 4745 1032 4802 62,
1047 4759 1073 4794 n.
1088 4746 1121 4808 6.)

481 4816 514 4879 (5)
528 4816 562 4867 Ut
577 4815 675 4865 dicitur
689 4814 718 4861 in
728 4811 821 4872 Bruto,
838 4816 883 4863 399
893 4832 900 4872 3
912 4814 950 4863 ct.
968 4816 1004 4862 ne
1017 4815 1114 4874 Finit,
1133 4817 1164 4874 tl,
1180 4818 1218 4866 t't.

482 4888 518 4949 (6)
532 4885 639 4946 Orator,
651 4886 696 4934 llll
712 4880 759 4945 (Gi.
773 4897 854 4948 supra
867 4889 989 4934 nostram
1003 4889 1072 4951 part.
1089 4888 1108 4944 l,
1123 4901 1150 4949 p.
1165 4889 1204 4936 21.

481 4960 515 5021 (1)
532 4959 568 5008 De
580 4958 663 5019 Orat,
675 4957 696 5019 l,
712 4958 751 5014 56,
763 4956 802 5015 61,
812 4960 860 5019 85,
877 4958 909 5016 lt,
926 4960 954 5006 61
967 4972 973 5018 ;
986 4959 1030 5013 Or.
1048 4960 1085 5017 16,
1102 4961 1145 5009 119
1161 4959 1209 5022 (Cf.
1223 4974 1313 5023 supra,
1329 4974 1355 5024 p.
1373 4961 1411 5025 11)

1466 5064 1482 5115 5
