4467 6167
1124 814 1300 878 ..42-

705 984 793 1051 Nam
814 981 906 1072 quod
920 982 1077 1050 Ciceroni
1099 981 1227 1071 placuit
1243 981 1306 1071 ipsi
1329 980 1444 1048 Crassi
1464 979 1692 1071 disputationi
1710 981 1777 1050 hoc

659 1092 824 1172 inserere,
841 1089 1016 1178 sapienter
1029 1088 1199 1156 sentiendi
1216 1095 1250 1156 et
1264 1094 1384 1156 ornate
1400 1087 1534 1156 dicendi
1559 1088 1741 1155 scientiam
1757 1111 1778 1155 a

658 1200 799 1266 Socrate
812 1199 859 1264 ita
867 1202 1062 1287 separatam
1076 1217 1164 1278 esse,
1186 1202 1306 1262 utnon
1324 1194 1398 1285 jam
1415 1194 1532 1267 iidem.
1548 1195 1645 1263 velut
1658 1200 1774 1277 autea,

656 1304 798 1372 vivendi
816 1309 1056 1393 praeceptores
1075 1301 1327 1390 atquedicendi
1341 1310 1467 1384 essent,
1483 1304 1543 1370 sed
1561 1303 1621 1369 alii
1639 1326 1775 1393 sapere,

658 1412 715 1478 alii
733 1412 847 1478 dicere
862 1409 1034 1477 studiosos
1053 1409 1215 1476 docerent
1237 1411 1300 1495 (Ι),
1318 1448 1357 1458 -
1388 1408 1454 1475 hac
1473 1411 1675 1500 angustiore
1692 1433 1776 1478 sane

658 1518 737 1585 talis
762 1518 903 1586 divortii
922 1516 1127 1584 definitione
1157 1538 1223 1582 non
1248 1515 1332 1583 adeo
1357 1515 1521 1605 deceptus
1541 1525 1601 1601 est,
1627 1524 1665 1584 ut
1694 1540 1776 1586 eum

658 1625 806 1714 fugeret,
822 1624 863 1692 de
879 1625 1019 1714 propria
1035 1624 1183 1691 oratoris
1203 1629 1276 1691 arte
1292 1650 1307 1683 «
1322 1645 1393 1689 non
1406 1623 1520 1690 solum
1546 1625 1703 1707 meliora,
1716 1626 1776 1693 sed

658 1732 764 1799 etiam
784 1735 885 1820 plura
909 1730 1134 1799 Aristotelem
1151 1729 1502 1819 Theophrastumque
1524 1754 1628 1821 quam
1654 1755 1777 1800 omnes

657 1837 794 1907 dicendi
809 1840 993 1927 magistros
1013 1838 1223 1926 scripsisse»
1248 1838 1311 1925 (2).
1334 1838 1454 1925 lt'eque
1472 1862 1552 1907 vero
1577 1840 1776 1906 Stoicorum

659 1946 832 2034 principes
861 1945 978 2011 minus
1007 1943 1161 2010 studiose
1195 1965 1300 2032 quam
1333 1944 1427 2033 ipsos
1454 1945 1701 2033 Peripateticos
1735 1944 1777 2013 de

659 2052 831 2119 rhetorica
844 2051 1024 2141 scripsisse
1040 2071 1058 2116 a
1075 2050 1289 2129 Quintiliano
1315 2049 1360 2140 (3)
1382 2052 1578 2140 accepimus
1602 2074 1608 2119 :
1639 2051 1698 2118 sed
1716 2053 1777 2118 has

659 2158 840 2225 Cleanthis
851 2166 885 2225 et
901 2157 1089 2248 Chrysippi
1101 2156 1143 2223 de
1160 2184 1175 2216 u
1191 2161 1264 2223 arte
1279 2158 1453 2225 rhetorica
1477 2188 1489 2217 »Ι
1506 2159 1725 2247 scriptiones,
1736 2200 1777 2209 -

562 2249 566 2255 ’
659 2265 700 2333 de
720 2264 848 2355 quibus
866 2266 909 2332 M.
922 2264 1057 2331 Tullius
1076 2270 1193 2352 postea
1213 2264 1247 2329 iu
1263 2271 1387 2353 quarto
1403 2264 1442 2331 de
1469 2265 1608 2332 Finibus
1627 2265 1775 2356 libro(l)

658 2373 708 2438 sic
719 2370 900 2461 judicavit,
933 2399 947 2430 α
970 2372 999 2436 si
1015 2370 1094 2459 quis
1116 2367 1356 2437 obmutescere
1385 2372 1657 2460 concupisceret,
1684 2372 1777 2439 nihil

658 2481 751 2548 aliud
770 2502 850 2548 eum
871 2482 985 2569 legere
1006 2478 1131 2546 debere
1164 2509 1192 2559 »,
1227 2517 1266 2529 -
1298 2478 1391 2547 idem
1413 2480 1447 2545 in
1469 2480 1540 2544 suis
1566 2478 1608 2545 de
1635 2480 1777 2546 Oratore

660 2588 759 2655 libris
783 2610 853 2654 non
874 2587 1049 2652 immerito
1062 2586 1225 2652 omittere
1240 2584 1390 2668 videtur,
1411 2586 1479 2652 nisi
1501 2585 1594 2675 quod
1617 2586 1774 2667 Crassus,

661 2702 740 2761 ante
756 2716 861 2783 quam
878 2693 1011 2760 Stoicos
1028 2691 1191 2774 dimittat,
1225 2692 1315 2761 hanc
1335 2693 1384 2759 eis
1404 2715 1440 2760 se
1472 2694 1619 2777 gratiam
1648 2692 1777 2761 habere

661 2799 830 2884 fatetur,u
849 2796 940 2888 quod
954 2798 1018 2864 soli
1039 2821 1081 2865 ex
1112 2798 1277 2866 omnibus
1306 2799 1522 2888 philosophis
1543 2800 1778 2888 eloquentiam

661 2907 826 2973 virtutem
849 2928 887 2972 ac
904 2905 1111 2994 sapientiam
1142 2927 1217 2973 esse
1242 2904 1392 2973 dixerint
1418 2934 1434 2967 »
1462 2909 1535 2995 (btz
1563 2913 1596 2974 et
1624 2907 1777 2996 quidem,

660 3012 744 3079 dum
771 3012 807 3078 hi
835 3019 1021 3088 oratorem,
1044 3013 1112 3078 nisi
1128 3014 1188 3101 qui
1212 3014 1350 3100 sapiens
1377 3021 1478 3092 esset,
1508 3017 1777 3081 esseneminem

658 3120 910 3187 contendebant
925 3119 986 3209 (6),
998 3119 1230 3208 eloquentiam
1249 3127 1378 3201 autem,
1394 3142 1482 3209 quae
1495 3121 1651 3209 sapiente
1673 3119 1778 3210 digna

659 3234 760 3307 essct,
783 3226 824 3293 ad
856 3224 1043 3316 quamdam
1066 3224 1266 3292 dialecticae
1287 3225 1556 3294 similitudinem
1576 3235 1777 3296 convertere

659 3332 841 3417 debebant,
850 3355 926 3400 eam
939 3334 1052 3420 ipsam
1064 3332 1234 3398 rationem
1246 3331 1321 3421 (illa
1332 3334 1620 3402 saueSocratica«
1633 3336 1775 3402 ironia»

659 3441 857 3529 spoliatam)
877 3445 1031 3527 repetere
1056 3436 1275 3519 videbantur,
1303 3461 1371 3528 qua
1398 3442 1433 3505 in
1459 3441 1590 3530 Gorqr'u
1618 3441 1777 3509 Socrates

659 3568 799 3613 omnem
824 3545 1059 3634 eloquentiam
1087 3543 1128 3610 ad
1159 3546 1272 3634 ipsam
1302 3548 1374 3613 veri
1395 3544 1552 3636 justique
1579 3549 1775 3626 scientiam,

660 3650 816 3717 veritatis
832 3650 1030 3716 ministram
1044 3648 1272 3740 justitiaeque
1292 3651 1514 3733 effectricem,
1528 3651 1727 3743 redigebat(
1754 3653 1776 3743 )

654 3756 689 3822 'A
710 3778 779 3845 qua
799 3756 944 3838 ratione,
966 3756 1128 3845 quamvis
1161 3755 1306 3842 invitus,
1336 3797 1379 3806 -
1399 3780 1512 3847 neque
1541 3759 1642 3837 ultra,
1670 3782 1777 3850 quam

659 3862 751 3953 quod
772 3868 949 3952 respectus
965 3884 1103 3929 morum
1113 3864 1275 3954 vitaeque
1290 3864 1498 3953 postulabat,
1516 3906 1557 3915 -
1571 3867 1778 3935 Aristoteles

659 3971 718 4037 ille
734 3970 1048 4061 Peripateticorum
1076 3970 1238 4060 princeps
1267 3972 1303 4037 in
1324 3972 1396 4038 suis
1421 4001 1436 4033 u
1466 3972 1661 4040 Rhetoricis
1686 3974 1777 4041 »de

659 4077 820 4145 flexerat:
842 4100 936 4157 nam,
970 4099 1049 4144 cum
1076 4076 1296 4166 eloquentiae
1316 4086 1419 4168 caput
1449 4079 1484 4144 in
1514 4079 1777 4169 probationibus

662 4184 709 4272 (in
725 4207 764 4251 eo
786 4184 929 4268 scilicet,
960 4182 1053 4272 quod
1080 4181 1200 4251 Cicero
1227 4183 1370 4251 docendi
1394 4184 1551 4252 osticium
1574 4188 1777 4276 appellavit)

692 4389 724 4451 (Ι)
742 4387 778 4437 uf.
792 4389 829 4436 De
841 4388 884 4436 Or.
899 4388 946 4445 ΙΙΙ,
962 4390 990 4436 53
1006 4390 1033 4437 et
1046 4390 1091 4449 61;
1104 4402 1136 4437 ac
1150 4387 1184 4438 cf.
1196 4401 1287 4451 suprc,
1299 4403 1357 4455 cap.
1375 4391 1407 4450 Il,
1423 4407 1450 4456 p.
1465 4394 1545 4443 32-33.

691 4460 723 4521 (2)
742 4461 781 4508 lta
792 4458 951 4521 loquentem
964 4457 1123 4508 Scaevolam
1152 4458 1225 4517 facit,
1248 4460 1286 4508 De
1312 4461 1354 4510 Or.
1368 4463 1387 4521 1,
1404 4465 1443 4521 43,
1462 4465 1505 4513 cui
1521 4467 1633 4515 Crassus
1649 4467 1699 4515 hoc
1723 4461 1778 4517 lere

660 4529 784 4580 concedit
798 4530 846 4591 (55)
873 4528 912 4577 ΙΙΙ.
928 4528 1010 4577 etiam
1020 4530 1057 4577 De
1076 4530 1120 4577 Or.
1134 4530 1179 4588 ΙΙΙ,
1197 4529 1256 4590 141,
1270 4532 1302 4589 ll,
1317 4533 1369 4592 133,
1383 4536 1437 4582 160.

691 4603 724 4664 (3)
740 4600 779 4650 Cf.
795 4599 882 4648 Instit.
896 4599 970 4648 Orat.
987 4600 1029 4658 ΙΙΙ,
1049 4603 1071 4658 Ι,
1088 4602 1116 4649 le
1130 4599 1239 4663 (etihid.
1259 4602 1292 4659 ΙΙ,
1310 4605 1385 4666 lm).

693 4672 724 4734 (Ι)
738 4672 776 4721 De
789 4670 875 4718 Fiur'b.
891 4670 937 4726 IV,
953 4672 966 4718 Ι
978 4670 1080 4729 (Cicero
1097 4672 1156 4735 ipse
1169 4673 1207 4722 ita
1218 4671 1356 4737 loquitur).

693 4740 1008 4805 &mmmmm

685 4815 725 4878 Ι(6)
740 4815 779 4863 lta
795 4812 950 4875 loquentem
963 4811 1083 4860 Stoicum
1098 4812 1286 4862 Mnesarchum
1298 4815 1432 4865 Antonius
1446 4816 1564 4868 audiisse
1579 4833 1608 4869 se
1616 4820 1663 4878 ait,
1681 4822 1717 4870 De
1733 4822 1777 4871 Or.

693 4956 726 5016 (Ι)
743 4953 780 5004 Gt.
796 4967 877 5016 supra
890 4955 1016 5001 nostrum
1028 4968 1085 5016 cap.
1102 4955 1135 5013 ΙΙ,
1151 4958 1163 5013 t
1178 4958 1200 5003 2.
