4467 6167
1020 830 1198 896 ..81-

553 992 668 1060 causis
689 998 837 1060 testatur
851 994 909 1080 (1).
928 993 991 1079 Αο,
1011 1017 1054 1062 00
1075 995 1111 1061 10
1133 994 1236 1063 rebus
1253 996 1340 1063 forte
1355 996 1618 1079 minutioribus,
1641 1003 1675 1065 et

554 1113 647 1167 certe
667 1098 808 1189 quidem
824 1100 908 1166 satis
929 1100 1033 1185 notis,
1054 1099 1230 1190 longiores
1246 1102 1356 1168 simus
1373 1124 1477 1191 quam
1500 1124 1587 1191 opus
1609 1109 1671 1179 est,

554 1228 623 1272 000
636 1228 888 1296 persequemur
903 1206 1132 1296 persingulas
1148 1209 1322 1276 orationes
1338 1231 1477 1297 eaquae
1489 1208 1530 1276 de
1543 1208 1675 1298 duplici

554 1314 785 1381 accusationis
820 1319 853 1381 et
889 1312 1103 1381 defensionis
1137 1316 1272 1383 ratione
1303 1314 1465 1383 similiter
1499 1322 1603 1405 atque
1639 1317 1675 1382 in

556 1418 707 1487 secundo
736 1420 776 1486 dc
803 1418 1434 1512 0111111111110(2)1110001011(0000
1461 1422 1615 1512 profecto
1641 1423 1676 1488 in

555 1549 636 1594 eum
656 1527 836 1616 aptissime
860 1524 1040 1609 cadebant,
1068 1529 1128 1617 qui
1159 1529 1358 1618 impositam
1381 1528 1446 1595 sibi
1473 1528 1514 1596 de
1547 1529 1676 1597 civium

556 1634 721 1723 periculis
749 1632 976 1702 defendendis
996 1636 1096 1725 quasi
1126 1635 1240 1724 legem
1269 1636 1382 1703 asuis
1407 1635 1543 1703 dicendi
1567 1636 1677 1702 initiis

555 1763 616 1830 per
642 1739 873 1830 quadraginta
895 1764 1069 1809 annorum
1094 1743 1249 1832 spatium
1276 1742 1333 1809 vix
1353 1743 1461 1809 semel
1480 1744 1677 1833 iterumque

557 1846 795 1935 interruperit)
820 1848 863 1936 (3)
880 1870 888 1929 ;
905 1871 949 1916 ne
970 1848 1004 1915 in
1029 1850 1077 1916 eis
1098 1848 1239 1938 quidem
1267 1847 1501 1928 haerebimus,
1529 1873 1616 1939 quae
1642 1851 1675 1916 in

558 1952 718 2042 pluribus
737 1954 851 2020 causis
876 1953 917 2022 de
940 1961 1121 2045 susceptae
1138 1955 1351 2023 defensionis
1367 1956 1483 2040 officio
1503 1964 1679 2025 accusato-

559 2058 655 2125 ribus
671 2060 866 2148 neglectam
882 2062 938 2129 vel
952 2062 1126 2130 amicitiae
1144 2062 1197 2130 vel
1214 2061 1391 2152 dignitatis
1409 2065 1578 2133 rationem
1595 2063 1678 2153 obji-

558 2164 743 2249 cientibus,
765 2167 873 2234 variis
887 2168 1083 2235 officiorum
1103 2170 1291 2236 momentis
1314 2171 1404 2237 inter
1420 2194 1455 2238 se
1475 2193 1680 2260 comparan-

558 2273 621 2350 dis,
647 2273 877 2363 respondebat
892 2275 956 2364 (4),
976 2276 1183 2365 praesertim
1203 2298 1283 2342 cum
1314 2277 1345 2343 ei
1367 2299 1448 2344 sane
1470 2277 1679 2344 commodis·

559 2381 690 2448 simum
719 2381 839 2467 fuerit,
860 2380 1036 2449 laudabile
1064 2382 1294 2449 humanitatis
1319 2382 1474 2450 officium
1496 2385 1545 2450 eis
1566 2385 1680 2451 causis

558 2488 766 2577 recipiendis
808 2487 1045 2575 praetendere,
1086 2490 1120 2555 iu
1173 2488 1298 2578 quibus
1344 2512 1363 2556 a
1405 2489 1573 2581 dignitate
1625 2491 1679 2558 vel

560 2596 711 2662 maxime
731 2593 929 2685 discrepare
955 2595 1153 2664 videretur:
1180 2596 1277 2663 velut
1295 2618 1334 2663 eo
1355 2603 1522 2686 tempore,
1546 2619 1625 2665 cum
1646 2604 1680 2664 et

513 2732 516 2737 ·
560 2702 595 2766 in
608 2699 751 2791 judiciis
767 2707 801 2768 ct
816 2702 851 2767 in
875 2710 998 2770 senatu
1019 2702 1067 2792 (5)
1084 2726 1147 2770 sua
1166 2701 1305 2769 dicendi
1319 2703 1483 2771 facultate
1500 2706 1546 2771 ita
1563 2703 1681 2771 uteba-

560 2813 628 2881 tur,
652 2807 853 2875 utd1versis
870 2810 1064 2898 potentium
1089 2808 1274 2876 hominum
1296 2810 1489 2878 rationibus
1503 2813 1556 2878 sui
1571 2813 1681 2901 ipsius

560 2914 789 2981 conservandi
804 2937 907 2982 causa
921 2917 1071 2982 nimium
1082 2918 1249 2983 inservire
1264 2916 1439 2985 videretur
1452 2916 1512 3005 (8),
1526 2918 1560 2981 10
1573 2918 1679 2983 susci-

561 3021 687 3111 pienda
703 3044 825 3088 eorum
850 3021 1063 3103 defensione,
1081 3045 1168 3111 quos
1189 3022 1292 3111 paulo
1308 3028 1387 3089 ante
1403 3024 1498 3088 omni
1516 3022 1680 3089 infamiae

560 3128 734 3217 generem
751 3127 900 3217 publicis
920 3127 1136 3196 orationibus
1154 3134 1332 3196 notaverat
1349 3128 1410 3218 (7),
1429 3153 1464 3198 se
1483 3158 1498 3192 a
1517 3131 1681 3197 mortales

560 3236 775 3317 inimicitiaS,
792 3235 1023 3324 sempiternas
1034 3236 1207 3302 amicitias
1217 3235 1343 3303 habere
1355 3239 1400 3323 (8)
1419 3267 1431 3297 u
1445 3235 1679 3325 gloriabatur,

562 3342 679 3409 —sed
705 3342 747 3409 ad
772 3342 1047 3409 concludendam
1068 3342 1158 3409 hanc
1177 3348 1316 3409 nostrae
1338 3343 1585 3432 disputationis
1606 3365 1683 3432 par-

561 3457 632 3517 tem
657 3435 771 3538 aptius
791 3449 857 3516 erit
876 3471 1162 3533 commemorare,
1182 3449 1357 3538 quomodo
1378 3451 1682 3517 notatissimorum

592 3632 625 3694 (1)
636 3630 676 3682 Cf.
690 3632 720 3679 P.
738 3630 824 3692 Sulla,
838 3632 861 3690 2,
877 3634 906 3680 35
923 3632 978 3691 ;1)0
989 3632 1065 3680 domo
1077 3647 1136 3688 sua,
1149 3635 1187 3690 92,
1202 3636 1231 3681 95
1245 3652 1249 3685 ;
1262 3634 1290 3682 P.
1305 3633 1399 3693 Sestio,
1416 3637 1454 3693 31,
1472 3637 1517 3685 111
1530 3650 1536 3695 ;
1548 3636 1577 3683 P.
1599 3633 1683 3683 Ptan-

562 3703 612 3761 cio,
623 3706 647 3751 4.

594 3774 627 3836 (2)
644 3772 781 3836 11001110,
795 3773 828 3824 11,
842 3774 881 3832 19,
895 3776 933 3822 59.
950 3801 978 3809 -
995 3773 1033 3822 Cf.
1054 3776 1104 3823 Pro
1120 3774 1172 3824 Ser
1194 3776 1404 3835 1100010,83,91;
1430 3777 1457 3825 in
1475 3777 1504 3836 Q.
1527 3775 1682 3834 Caeciliam,

562 3848 609 3905 1-1,
626 3848 653 3905 5,
668 3847 692 3903 9,
708 3847 737 3892 21
752 3847 810 3904 ;19,
824 3847 851 3894 11
868 3847 918 3904 ,111
938 3846 1016 3903 Vera,
1034 3850 1085 3896 act.
1101 3846 1226 3904 11,1111.1,
1245 3850 1281 3906 15,
1301 3851 1344 3907 21;
1362 3849 1395 3903 11,
1415 3849 1434 3906 l,
1451 3851 1573 3908 19;119;
1591 3849 1635 3903 111,
1653 3851 1681 3906 1;

564 3919 613 3966 Ρ1·0
628 3919 749 3975 Murena,
765 3918 804 3977 56,
823 3918 866 3977 593
892 3918 944 3965 Pro
960 3917 1056 3966 Flacco
1072 3920 1120 3978 ,2;
1139 3919 1167 3966 in
1184 3920 1318 3968 Vatiniana
1346 3924 1445 3980 testem,
1460 3923 1473 3969 5
1488 3936 1493 3980 ;
1516 3922 1566 3967 Pro
1585 3919 1682 3976 Caelio,

594 4061 627 4122 (3)
645 4060 675 4108 10
685 4059 753 4108 libro
770 4059 801 4117 V,
818 4060 871 4117 182,
884 4060 999 4108 actionis
1022 4062 1044 4109 ll
1060 4061 1088 4108 in
1119 4061 1231 4117 Verrem,
1254 4061 1431 4124 profitebatur
1446 4075 1474 4109 se
1491 4079 1501 4107 a
1520 4062 1547 4109 in
1572 4062 1622 4109 hoc
1637 4074 1683 4109 reo

563 4131 646 4180 finem
660 4129 807 4180 accusandi
819 4130 954 4180 facturum
969 4145 1029 4180 csse
1043 4146 1073 4190 »3
1100 4146 1187 4194 neque
1212 4132 1308 4182 deinde
1324 4147 1490 4195 quenrquam
1505 4132 1589 4181 alium
1605 4146 1683 4180 accu-

563 4203 633 4251 savit
647 4202 700 4251 nisi
709 4201 860 4250 Munatium
874 4202 988 4250 Bursam
1001 4222 1012 4244 «
1028 4202 1060 4250 de
1071 4203 1097 4250 vi
1107 4202 1216 4265 publica
1230 4222 1239 4240 u
1252 4217 1323 4251 anno
1337 4204 1390 4251 192.
1407 4202 1454 4266 (Cf.
1470 4203 1516 4263 Ep.
1528 4202 1564 4249 art
1577 4201 1683 4260 Fanni,

564 4274 619 4332 Vll,
634 4276 665 4331 2;
681 4287 750 4336 quae
763 4274 901 4322 accusatio
914 4273 994 4321 nohis
1007 4287 1063 4322 non
1075 4273 1174 4323 tradita
1189 4276 1250 4336 est.)

594 4347 627 4407 (1)
646 4344 684 4393 uf.
699 4345 729 4393 P.
754 4346 943 4403 Marena,3-6‚
959 4346 1035 4404 1-19;
1051 4346 1072 4391 P
1098 4343 1185 4404 Salia,
1211 4347 1285 4402 2-19;
1312 4345 1546 4405 18·29;18-19;Ρ.
1564 4343 1684 4403 Plancio,

564 4417 615 4476 5-63
637 4417 708 4464 19-80
726 4430 732 4464 :
748 4415 781 4465 ad
792 4416 862 4464 hanc
886 4415 968 4464 officii
991 4416 1033 4463 sui
1053 4414 1241 4465 defensionem
1258 4417 1287 4465 10
1305 4417 1409 4465 ’1100011
1426 4430 1507 4465 causa
1524 4417 1546 4464 is
1562 4415 1637 4465 locus
1653 4415 1684 4464 de

563 4488 651 4550 gratia
668 4501 716 4550 pro
725 4486 864 4535 beneficiis
877 4486 1026 4545 referenda,
1041 4500 1123 4549 quem
1140 4501 1220 4550 supra
1235 4488 1379 4537 retulimus
1398 4492 1434 4551 tp.
1452 4489 1491 4549 16)
1509 4488 1627 4550 pertinet

596 4560 628 4620 (5)
645 4558 718 4607 81001
731 4558 837 4607 inerat.
860 4558 892 4605 de
907 4559 1051 4606 Provinciis
1065 4558 1260 4607 consularibus.

596 4633 629 4692 16)
646 4629 728 4692 quue
743 4631 768 4679 ei
781 4629 847 4678 satis
865 4629 1062 4690 objiciebatur:
1088 4629 1126 4679 Cf.
1159 4632 1192 4678 Pe
1217 4632 1337 4679 Provinc.
1354 4630 1505 4688 consular„
1521 4630 1686 4693 passim;—

563 4700 592 4748 in
604 4701 734 4758 Pisonem,
750 4702 840 4760 15·82;
858 4701 888 4748 P.
903 4700 1024 4758 Plancio,
1041 4703 1114 4749 91-91
1129 4715 1134 4755 ;
1149 4702 1178 4749 P.
1195 4701 1302 4750 Rabirio
1316 4706 1450 4765 postumo,
1469 4704 1507 4749 33.

596 4772 628 4834 (1)
647 4772 728 4822 Velut
739 4771 877 4822 Vatinium
889 4775 915 4820 et
926 4772 1081 4830 Gabinium,
1099 4786 1214 4835 quorum
1225 4773 1397 4823 defensiones
1413 4773 1492 4822 nobis
1504 4786 1560 4821 non
1573 4771 1686 4821 traditae

565 4846 637 4893 sunt.

598 4913 845 4978 (aeterternae
863 4914 996 4973 Postumo,
1012 4916 1059 4963 32:
1089 4914 1137 4963 ubi
1157 4913 1184 4962 id
1202 4915 1300 4964 dicitur
1325 4915 1357 4965 de
1375 4917 1501 4979 suscepta
1516 4914 1621 4963 Gabinii
1639 4914 1685 4965 de-

565 4985 699 5036 tensione.

1581 5069 1598 5124 ti
