4467 6167
945 856 1120 922 -Η-

477 1018 640 1107 adspersa
654 1025 756 1108 atque
768 1019 930 1087 distincta
944 1021 1136 1088 multarum
1150 1043 1266 1088 rerum
1276 1019 1432 1110 jucunda
1444 1019 1596 1111 quadam

478 1127 656 1209 varietate,
692 1125 769 1193 boni
804 1128 951 1194 oratoris
978 1150 1052 1194 esse
1087 1127 1199 1194 multa
1234 1126 1377 1195 auribus
1407 1128 1594 1217 accepisse,

479 1232 589 1298 multa
605 1233 744 1300 vidisse.
773 1232 883 1299 multa
912 1234 1029 1299 animo
1056 1239 1089 1300 et
1108 1234 1328 1324 cogitatione,
1348 1234 1459 1301 multa
1488 1235 1594 1301 ctiam

478 1338 625 1429 legendo
646 1340 916 1428 percucurrisse,
943 1363 1052 1430 neque
1076 1363 1116 1407 ea
1135 1352 1171 1407 ot
1189 1362 1250 1406 suo
1261 1340 1462 1429 possedisse,
1481 1344 1540 1407 sed
1556 1352 1595 1406 ut

479 1446 590 1514 allata
607 1445 728 1514 libasse
748 1455 759 1534 (
786 1456 842 1535 )›t.

1019 1819 1056 1873 Μ

524 2085 603 2153 lam
626 2108 710 2154 vero
741 2108 783 2153 ex
813 2108 853 2152 eo
880 2086 969 2174 ipso,
988 2086 1080 2175 quod
1109 2086 1254 2155 Crassus
1284 2089 1318 2155 in
1347 2091 1409 2169 eis
1438 2112 1527 2179 quae
1556 2090 1598 2159 de

481 2191 721 2281 cognoscenda
748 2192 970 2284 philosophia
998 2191 1149 2277 disserit,
1171 2193 1212 2260 de
1240 2217 1369 2261 summo
1398 2203 1534 2264 oratore
1562 2220 1597 2264 se

481 2301 577 2390 loqui
594 2323 664 2367 non
686 2300 792 2368 semel
811 2300 997 2390 significat,
1015 2302 1165 2390 perspici
1185 2303 1309 2391 potuit,
1334 2301 1424 2370 hanc
1444 2303 1597 2392 philoso-

482 2407 583 2496 phiae
604 2407 942 2475 commendationem
959 2406 999 2474 ad
1025 2406 1185 2474 eamdem
1212 2406 1384 2474 rationem
1411 2411 1596 2498 pertinere,

481 2512 649 2602 adquam
671 2512 790 2580 Cicero
817 2513 950 2602 aliquot
975 2520 1051 2601 post
1072 2512 1173 2579 annis
1194 2535 1275 2580 eum
1299 2513 1430 2580 librum
1457 2538 1597 2605 compo-

482 2620 565 2704 suit,
588 2642 690 2708 quem
708 2621 886 2688 Oratorem
903 2618 1092 2708 inscripsit.
1110 2619 1153 2685 Et
1172 2619 1212 2685 'in
1236 2617 1301 2686 hoc
1324 2619 1464 2709 quidem
1494 2621 1595 2704 libro,

482 2732 520 2793 ut
540 2726 660 2794 Cicero
676 2728 869 2816 profitetur,
888 2748 923 2793 se
947 2747 1126 2792 summurn
1145 2733 1177 2793 et
1203 2726 1395 2815 perfectum
1410 2734 1596 2813 oratorem,

484 2862 499 2895 «
522 2834 635 2923 quatis
659 2834 805 2901 fortasse
829 2855 932 2900 nemo
960 2833 1065 2899 fuerit
1090 2832 1138 2922 (2)
1158 2860 1188 2914 o,
1206 2855 1372 2921 quaerere
1396 2841 1429 2901 et
1457 2836 1597 2918 intueri,

482 2962 633 3029 cumque
663 2940 762 3029 quasi
799 2962 840 3006 ex
873 2961 912 3005 ea
953 2939 1078 3004 ultima
1108 2939 1248 3027 specie,
1284 2962 1389 3029 quarn
1411 2942 1599 3013 Platotttao

482 3048 685 3131 vocavisset,
706 3046 902 3113 describere
923 3044 1026 3134 (quod
1048 3043 1140 3111 idem
1161 3046 1277 3112 miuus
1305 3047 1489 3115 reconditis
1517 3072 1599 3116 sane

472 3154 598 3221 -verbis
612 3153 890 3221 Crassumsuum
911 3152 976 3219 sibi
987 3159 1236 3241 proponentem
1248 3154 1403 3241 fecerat),
1434 3196 1440 3202 ·
1467 3156 1516 3222 ita
1531 3162 1600 3222 sta-

482 3262 560 3341 tuit,
580 3289 594 3322 α
609 3261 684 3327 sine
699 3259 918 3349 philosophia
934 3280 1003 3325 non
1018 3281 1119 3348 posse
1137 3259 1226 3326 effici
1247 3282 1351 3349 quem
1372 3268 1516 3351 quaerat
1531 3262 1600 3329 elo-

483 3376 648 3457 quentem
663 3367 707 3457 (3)
729 3396 742 3427 n
762 3390 770 3450 3
788 3366 880 3456 quod
896 3374 1013 3434 autem
1032 3365 1162 3455 adjicit,
1181 3394 1195 3426 κ
1213 3390 1280 3434 non
1307 3376 1344 3433 ut
1365 3369 1397 3434 in
1420 3391 1460 3435 ea
1483 3375 1600 3436 tamen

483 3476 600 3540 omnia
620 3474 700 3556 siut,
719 3472 778 3541 sed
797 3480 835 3540 ut
857 3474 905 3540 sic
924 3473 1064 3561 adjuvet
1085 3479 1126 3540 ut
1141 3474 1312 3563 palaestra
1334 3474 1542 3542 histrionem
1565 3500 1597 3561 n,

485 3581 648 3648 Crassum
664 3580 848 3648 induxerat
861 3581 1021 3648 similiter
1036 3581 1280 3669 explicantem,
1298 3590 1469 3672 quatenus
1485 3589 1601 3649 orator

484 3710 558 3755 sese
575 3687 815 3777 philosophiae
835 3685 971 3753 tradere
995 3685 1147 3753 deberet.
1170 3686 1237 3753 Sed
1253 3687 1393 3776 quidem
1412 3717 1427 3749 «
1446 3688 1599 3778 philoso-

485 3794 604 3884 phiam
623 3823 653 3878 »,
669 3817 774 3884 quam
790 3794 918 3860 oratori
934 3793 982 3859 ita
997 3791 1168 3881 adjungit,
1184 3792 1306 3860 latiore
1323 3817 1428 3861 sensu
1443 3817 1602 3885 compre-

486 3900 635 3967 hendere
651 3900 687 3965 in
699 3899 839 3966 Oratore
855 3899 1001 3966 videtur.
1018 3899 1103 3966 illae
1119 3900 1213 3966 enirn
1233 3899 1322 3967 duae
1334 3902 1497 3983 rationes,
1514 3924 1601 3991 quas

484 4006 626 4074 elihris
656 4006 697 4074 de
729 4008 871 4073 Oratore
885 4007 1069 4100 inscriptis
1098 4005 1140 4072 de
1172 4004 1412 4096 philosophiae
1446 4009 1600 4075 utilitate

485 4116 621 4204 excerpi
657 4137 759 4204 posse
791 4111 958 4197 vidimus,
991 4112 1032 4179 ad
1062 4135 1139 4179 eam
1176 4114 1326 4181 maxime
1358 4113 1600 4204 philosophiae

486 4228 619 4311 partem
646 4218 922 4309 cognoscendam
938 4218 1150 4308 spectabant,
1164 4240 1251 4307 quae
1268 4219 1489 4305 (irascetur-at,
1511 4217 1600 4285 dice-

486 4327 599 4412 batur,
616 4327 659 4395 ab
688 4329 764 4417 ipso
785 4325 949 4392 Cicerone
974 4352 990 4385 «
1020 4323 1163 4396 moralis
1194 4351 1209 4384 »
1240 4324 1414 4413 appellata
1447 4331 1499 4391 est
1525 4324 1600 4414 (l):

486 4435 576 4525 quod
603 4434 745 4525 quidem
771 4434 915 4499 Crassus
945 4431 1047 4521 plane
1078 4428 1264 4512 indicabat,
1293 4429 1481 4497 dameam
1501 4441 1603 4497 —ut

486 4542 597 4609 solam
619 4568 634 4603 «
653 4539 918 4630 perdiscendam
940 4568 955 4601 n
979 4580 1021 4588 -
1042 4538 1085 4605 ab
1105 4540 1184 4605 aliis
1213 4537 1317 4605 rebus
1347 4544 1498 4626 separat,
1516 4550 1603 4626 quas
1646 4571 1648 4576 ·

486 4647 528 4717 ab
541 4656 689 4733 oratore,
702 4648 944 4715 tantummodo
969 4648 997 4713 si
1014 4646 1055 4714 de
1072 4645 1125 4712 his
1143 4645 1229 4734 ipsis
1241 4644 1345 4711 rebus
1360 4644 1405 4710 sit
1430 4643 1461 4711 ei
1488 4642 1605 4711 dicen·

517 4850 659 4912 mmm

517 4921 850 4983 mmmmmmst

518 4990 791 5053 fflOEmMM.
