4467 6167
1035 811 1236 877 -llb-

564 978 712 1069 judicat,
730 983 917 1063 oratorem,
944 978 1008 1045 sia
1029 1000 1189 1045 verarum
1203 1000 1389 1045 causarum
1409 978 1629 1046 contentione
1644 977 1687 1045 ad

570 1084 675 1175 hujus
695 1085 823 1152 infiniti
850 1084 987 1173 generis
1016 1087 1237 1174 quaestiones
1251 1084 1448 1153 tractandas
1472 1084 1686 1179 traducatur,

571 1220 587 1254 «
609 1214 680 1259 non
697 1192 775 1281 plus
798 1192 1041 1282 quaesiturum
1065 1214 1153 1275 esse,
1176 1191 1259 1281 quid
1279 1191 1381 1275 dicat,
1407 1215 1512 1282 quam
1537 1192 1688 1283 Polycli-

570 1305 646 1366 tum
659 1298 774 1381 illum,
792 1339 834 1347 -
857 1321 937 1366 cum
951 1298 1136 1367 Herculem
1152 1298 1311 1388 fingeret,
1332 1339 1376 1370 ,-
1393 1299 1688 1389 quemadmodum

571 1406 700 1497 pellem
716 1412 774 1474 aut
790 1404 939 1495 hydram
954 1405 1113 1496 fingeret,
1135 1407 1273 1474 etiamsi
1290 1405 1374 1473 haec
1388 1428 1571 1495 nunquam
1591 1429 1689 1495 sepa·
1753 1454 1755 1459 ι

573 1514 676 1581 ratim
699 1513 813 1580 facere
833 1511 1011 1580 didicisset
1033 1541 1048 1575 »
1074 1514 1133 1604 (Ι).
1160 1515 1249 1581 Nam
1274 1513 1366 1603 quod
1388 1513 1531 1581 Catulus
1549 1512 1607 1581 hic
1633 1514 1687 1580 in·

572 1620 711 1688 ducitur
726 1618 908 1708 objicienS,
932 1647 947 1680 ιι
966 1618 1031 1687 sibi
1047 1642 1116 1688 non
1136 1621 1253 1688 minus
1273 1622 1388 1710 operis
1407 1619 1519 1688 videri
1542 1619 1584 1687 de
1613 1620 1689 1687 uni·

572 1728 685 1796 versis
711 1725 899 1815 generibus
922 1748 1040 1793 rerum
1068 1749 1175 1816 quam
1201 1727 1243 1794 de
1263 1727 1482 1815 singulorum
1502 1727 1629 1808 causis,
1651 1748 1690 1794 ac

574 1834 685 1901 multo
701 1834 806 1900 etiam
827 1831 941 1923 majus
958 1831 997 1900 de
1012 1846 1136 1900 natura
1149 1833 1301 1919 deornm,
1321 1856 1426 1923 quam
1446 1833 1487 1901 de
1503 1833 1689 1901 hominum

573 1939 694 2007 litibus
731 1939 844 2007 dicere
883 1939 931 2030 (2)
962 1968 993 2019 n,
1033 1941 1207 2008 Antonius
1245 1940 1363 2007 statim
1387 1940 1581 2023 confirmat,
1611 1940 1691 2006 «in

573 2070 758 2115 causarum
785 2046 1064 2114 contentionibus
1096 2076 1110 2109 n
1137 2049 1330 2114 maximum
1359 2048 1578 2137 eloquentiae
1604 2070 1692 2137 opus

574 2177 661 2239 esse,
685 2182 699 2216 ιι
717 2154 876 2221 omnium
905 2160 1100 2221 ceterarum
1121 2177 1240 2222 rerum
1260 2156 1453 2223 orationem
1473 2153 1597 2222 ludum
1617 2176 1692 2221 esse

575 2260 709 2328 homini
736 2283 806 2328 non
827 2258 944 2327 hebeti
972 2250 1087 2350 neque
1114 2262 1338 2329 inexercitato
1366 2285 1429 2330 neo
1450 2262 1692 2330 communium

574 2368 771 2437 litterarum
795 2371 828 2435 et
855 2367 1028 2458 politioris
1055 2366 1286 2436 humanitatis
1312 2371 1445 2459 experti
1465 2392 1482 2435 1
1515 2367 1570 2459 (3).
1593 2369 1694 2435 —Et

576 2473 662 2541 haec
688 2472 831 2563 quidem
857 2475 1078 2562 arrogantius
1098 2474 1202 2561 dicta,
1224 2477 1323 2565 quasi
1344 2475 1386 2543 ad
1411 2477 1523 2565 ipsam
1540 2462 1694 2565 philoso-

577 2581 725 2670 phorum
754 2587 929 2647 oratorem
945 2579 1213 2671 despicientium
1234 2584 1470 2672 arrogantiam
1485 2583 1542 2650 vel
1558 2588 1695 2671 praeter

577 2687 723 2755 modum
744 2687 984 2770 refellendam,
1012 2688 1132 2756 Cicero
1160 2690 1304 2777 Antonii
1328 2691 1518 2758 temeritati
1534 2688 1582 2779 (d)
1608 2690 1696 2757 assi-

576 2794 726 2886 gnabat:
745 2794 804 2861 sed
819 2794 926 2861 talem
943 2796 1114 2863 rationem
1136 2797 1318 2864 subtiliore
1339 2796 1541 2864 delinitione
1563 2817 1697 2863 correc-

578 2907 650 2968 tam
666 2902 708 2968 ad
725 2924 802 2968 cam
817 2907 990 2968 certarum
1013 2903 1314 2993 philosophiarum
1331 2904 1567 2983 selectionem,
1590 2924 1696 2992 quam

579 3031 640 3098 per
657 3013 821 3075 Crassum
838 3007 1042 3091 introduxit,
1061 3011 1226 3078 interiore
1240 3011 1314 3078 loco
1329 3010 1615 3079 accommodavit.
1633 3010 1696 3077 Hic

579 3116 673 3182 enim
695 3115 851 3194 Crassus,
877 3156 913 3163 -
947 3113 1029 3183 dum
1055 3139 1177 3185 rursus
1197 3117 1359 3199 affirmat,
1381 3118 1455 3184 vim
1480 3118 1699 3207 eloquentiae

578 3229 711 3290 tantam
724 3245 810 3301 esse,
829 3226 868 3289 ut
885 3249 900 3281 ιι
917 3243 1057 3289 omnem
1073 3228 1248 3305 naturam,
1267 3243 1355 3310 quae
1370 3221 1695 3305 moreshominum,

580 3352 668 3419 quae
698 3330 846 3411 animm,
881 3350 970 3417 quae
1004 3330 1114 3395 vitam
1148 3330 1324 3397 contineat
1360 3356 1390 3409 n,
1430 3327 1696 3418 complectatur,

582 3464 597 3498 ιι
619 3439 819 3526 omniaque,
838 3458 926 3526 quae
941 3435 984 3502 ad
1000 3458 1259 3526 quamcumque
1268 3457 1341 3502 rem
1355 3436 1561 3525 pertineant,
1579 3441 1699 3503 ornate

580 3544 787 3633 copioseque
803 3542 892 3610 dicat
914 3541 958 3631 (b)
982 3571 1011 3625 n,
1036 3547 1196 3631 —negat
1216 3541 1422 3632 sequidem,
1450 3550 1488 3610 ut
1507 3544 1545 3610 in
1561 3542 1627 3611 hoc
1643 3565 1699 3633 ge-

582 3672 663 3718 nere
687 3671 749 3740 pro
769 3672 832 3717 sua
851 3649 1016 3717 facultate
1037 3656 1071 3717 et
1086 3672 1149 3740 pro
1169 3648 1331 3716 mediocri
1352 3672 1434 3718 sane
1450 3650 1603 3718 doctriua
1623 3673 1701 3720 ver-

615 3906 647 3968 (Ι)
664 3905 701 3953 De
717 3903 762 3955 Or.
778 3905 811 3964 Il,
823 3906 908 3954 69-70.
919 3904 996 3953 -ct
1012 3905 1041 3955 in
1060 3920 1091 3955 co
1106 3906 1166 3956 loco
1184 3907 1247 3957 libri
1269 3908 1280 3957 Ι
1302 3909 1341 3957 De
1355 3908 1509 3958 Inventione
1522 3912 1543 3969 (ξ
1552 3910 1585 3973 8),
1604 3909 1636 3959 dc
1647 3923 1700 3973 quo

583 3977 702 4028 diximus
718 3989 799 4039 supra
815 3976 848 4039 (p.
866 3977 905 4035 lt,
920 3990 938 4023 n
961 3979 995 4036 t),
1014 3975 1094 4040 longe
1109 3976 1191 4026 aliam
1206 3978 1237 4027 de
1254 3993 1282 4028 re
1297 3979 1392 4029 eadem
1405 3982 1566 4029 sententiam
1584 3997 1589 4029 :
1608 4001 1618 4024 ιι
1636 3994 1701 4030 nam

516 4077 519 4082 ·
583 4050 684 4113 quibus
701 4050 730 4097 in
754 4048 835 4097 rebus
862 4061 971 4097 summa
998 4048 1109 4110 ingenia
1133 4049 1358 4112 philosophorum
1382 4050 1499 4114 plurimo
1524 4065 1585 4100 cum
1609 4051 1700 4101 labore

584 4123 748 4184 consumpta
770 4119 964 4183 intellegimus,
980 4133 1025 4167 cas
1050 4120 1120 4168 sicut
1137 4119 1244 4183 aliquus
1257 4135 1357 4184 parvus
1370 4135 1411 4170 res
1425 4124 1530 4170 oratori
1555 4122 1702 4171 attribuere

583 4206 682 4254 mcqna
702 4191 821 4240 umentia
842 4191 947 4239 videtur
961 4204 990 4249 »3
1008 4190 1054 4239 sed
1069 4194 1163 4240 tamen
1177 4192 1434 4252 animadvertamus
1451 4193 1535 4255 hujus
1554 4214 1565 4236 ιι
1578 4193 1701 4243 infinitae

584 4262 776 4325 quaestionum
791 4261 912 4311 universi
926 4261 1032 4325 generis
1048 4262 1131 4310 silvae
1146 4276 1161 4311 1)
1175 4262 1253 4325 (quae
1269 4263 1394 4313 universe
1411 4264 1525 4327 «procul
1539 4264 1573 4311 ab
1588 4264 1702 4313 oratoris

583 4332 672 4382 officio
687 4335 830 4382 remotae»
848 4333 876 4380 in
899 4333 951 4382 hoc
971 4333 1003 4380 de
1018 4333 1173 4381 Inventione
1198 4334 1268 4383 libro
1284 4334 1417 4397 dicuntur)
1437 4347 1494 4383 non
1518 4336 1573 4384 nisi
1595 4338 1702 4399 partem

584 4406 712 4468 aliquam,
720 4408 746 4454 et
758 4418 792 4453 nc
807 4418 868 4453 eam
877 4403 1051 4467 quidemsine
1063 4403 1182 4466 quadam
1192 4404 1370 4465 dubitatione,
1384 4407 1483 4455 oratori
1497 4407 1535 4455 sic
1550 4406 1701 4469 adjungiab

584 4476 702 4525 Antonio
718 4477 766 4538 (De
779 4475 822 4524 Or.
840 4477 872 4534 ll,
887 4477 967 4535 66-6“Ι;
979 4474 1012 4524 cl.
1026 4476 1161 4534 Crassum,
1172 4476 1192 4536 1,
1208 4477 1255 4537 68),
1272 4477 1367 4526 ceteris
1380 4477 1490 4526 omissis
1500 4477 1594 4527 eodem
1607 4477 1661 4526 lere
1670 4477 1702 4527 de

582 4548 689 4597 ratione
713 4546 789 4611 (ibid.
803 4549 841 4609 66)
874 4559 957 4609 quam
983 4549 1077 4597 noster
1098 4550 1193 4597 auctor
1210 4548 1243 4597 de
1265 4548 1420 4598 Inventione
1436 4548 1558 4599 scribens
1589 4551 1702 4599 Hermo-

585 4632 667 4681 gorae
693 4618 842 4668 sententiae
860 4618 1023 4681 opponebat.
1294 4615 1296 4619 ⁴

619 4690 651 4753 (2)
668 4691 694 4739 et
707 4691 741 4751 (3)
760 4690 797 4738 De
814 4688 857 4737 Or.
875 4689 908 4748 11,
921 4689 960 4746 tl,
973 4690 1013 4738 n.
1121 4682 1125 4689 '

618 4762 652 4825 (Ι)
668 4761 830 4811 Praesertim
841 4760 870 4808 in
882 4775 922 4819 eo,
942 4760 989 4823 qui
1004 4760 1121 4809 fateatur
1134 4760 1181 4819 (De
1198 4759 1244 4810 Or.
1264 4762 1296 4820 II,
1310 4761 1358 4819 61),
1376 4775 1404 4810 se
1418 4762 1467 4811 in«
1479 4761 1705 4826 philosophorum

586 4832 672 4892 libris,
689 4832 814 4895 quisunt
827 4830 882 4880 lere
897 4832 1022 4894 inscripti
1034 4832 1066 4881 de
1081 4829 1162 4880 rebus
1177 4832 1250 4881 notis
1269 4835 1296 4882 et
1320 4832 1484 4892 illustribus,
1504 4832 1536 4882 de
1549 4833 1657 4893 vtrtute,
1671 4832 1703 4883 dc

591 4904 708 5039 ju(s5t)it1i{1,
724 4904 756 5025 ge
771 4904 924 5023 hffiesqtgte’
935 4902 967 4952 de
978 4903 1128 4967 voluptate,
1137 4901 1250 4952 verbum
1265 4918 1376 4968 prorsus
1388 4904 1497 4954 nullum
1520 4904 1703 4969 intelligere.»

694 4991 707 5025 e
745 4990 768 5025 r.
828 5011 857 5035 ‚.
886 5011 892 5023 .
