4467 6167
1040 894 1082 908 ..
1107 859 1216 941 77·-

571 1044 652 1090 eum
668 1022 703 1088 in
724 1022 917 1090 exercenda
935 1023 1000 1090 1166
1014 1025 1161 1114 vagandi
1176 1024 1333 1093 libertate
1351 1048 1419 1092 nou
1446 1028 1589 1095 solitum
1612 1050 1687 1096 6666

572 1130 756 1219 respicere,
774 1130 972 1218 quidcausa
992 1136 1052 1196 aut
1069 1130 1262 1219 postularet
1272 1137 1332 1197 aut
1351 1136 1443 1199 certe
1456 1132 1686 1221 permitteret.

571 1237 673 1321 Nam,
691 1238 721 1305 si
742 1238 939 1327 seposueris
954 1237 1139 1305 nonnullas
1154 1238 1342 1315 orationes,
1355 1259 1456 1326 quae,
1474 1260 1688 1327 quamquam

571 1346 686 1412 autin
713 1345 879 1413 concione
908 1351 967 1412 aut
999 1345 1035 1411 in
1056 1351 1180 1412 senatu
1205 1344 1358 1424 habitae,
1385 1344 1428 1411 ad
1455 1367 1652 1435 «pompam
1671 1372 1685 1407 a

570 1450 667 1518 illius
695 1477 711 1513 «
733 1450 910 1542 epidictici
939 1479 954 1513 1
987 1452 1126 1540 generis
1156 1452 1333 1540 propriam
1364 1452 1414 1541 (l)
1452 1452 1577 1519 intima
1602 1474 1688 1542 qua-

569 1556 648 1625 darn
678 1560 813 1626 ratione
852 1557 1073 1639 accedebant,
1106 1553 1159 1609 -’
1191 1558 1311 1647 quales
1347 1580 1429 1652 sane
1458 1558 1537 1626 illae
1578 1565 1688 1648 erant,

570 1663 698 1753 quibus
738 1672 798 1732 aut
828 1665 957 1755 populo
986 1673 1064 1755 post
1105 1664 1257 1732 reditum
1295 1671 1354 1732 aut
1388 1664 1424 1732 C.
1454 1666 1590 1732 Caesari
1626 1687 1687 1756 pro

568 1771 612 1837 M.
629 1772 791 1839 Marcello
806 1778 1010 1841 conservato
1023 1773 1154 1863 gratias
1174 1772 1257 1861 agit,
1280 1794 1477 1862 —perraro
1497 1771 1630 1855 incidit,
1648 1779 1688 1840 ut

566 1878 636 1945 tale
647 1879 866 1947 exornandae
882 1880 929 1947 rei
949 1878 1103 1947 studium
1120 1880 1162 1947 ab
1188 1880 1284 1946 omni
1301 1880 1461 1947 utilitatis
1482 1880 1614 1946 ratione
1636 1902 1688 1947 se·

568 1992 729 2074 paratum
745 1986 929 2054 videatur:
956 1987 1077 2067 sicea,
1103 1986 1231 2076 quibus
1253 1986 1289 2052 in
1320 1985 1382 2054 Cn.
1406 1985 1538 2053 Plancii
1569 1985 1687 2053 1161611-

567 2095 665 2162 sione
680 2096 812 2184 graliae
831 2094 1030 2164 referendae
1052 2095 1207 2162 osticium
1229 2093 1469 2184 exaggerabat,
1487 2092 1686 2162 adversario

568 2202 766 2290 neglectum
779 2225 862 2293 arga
873 2226 908 2271 se
924 2204 1097 2271 amicitiae
1109 2202 1265 2270 officium
1279 2200 1455 2292 objicienti
1469 2200 1682 2291 opponebat;

567 2316 672 2398 atque
691 2310 725 2375 in
759 2309 796 2376 L.
833 2310 998 2378 Murenae
1023 2332 1141 2394 causa,
1169 2308 1254 2376 dum
1288 2308 1324 2375 in
1355 2307 1575 2375 extenuanda
1594 2307 1685 2398 juris

567 2416 680 2483 civilis
695 2417 863 2506 dignitate
878 2424 1127 2501 commoratur,
1145 2417 1347 2484 universam
1377 2414 1480 2506 hujus
1505 2416 1590 2482 artis
1609 2416 1685 2481 irri-

567 2523 700 2591 sionem
718 2526 753 2590 in
763 2523 958 2612 Sulpicium
974 2526 1090 2615 ipsum
1106 2522 1259 2592 recidere
1272 2522 1421 2599 volebat,
1435 2544 1538 2612 quem
1552 2528 1682 2606 tamen,

567 2632 771 2719 praesertim
792 2631 1121 2714 familiarissimum,
1153 2637 1270 2721 aperte
1298 2637 1413 2721 patere
1442 2652 1511 2696 non
1527 2628 1681 2714 decebat,

564 2777 608 2789 -
629 2740 818 2828 nequenisi
835 2739 974 2828 longius
996 2738 1246 2820 insistendoid,
1273 2738 1365 2827 quod
1381 2736 1446 2804 sibi
1457 2734 1681 2827 proponebat,

565 2843 628 2912 1166
642 2844 784 2935 obliqua
803 2846 859 2914 via
875 2846 965 2913 611161
977 2853 1125 2936 poterat,
1149 2852 1187 2912 ut
1206 2846 1300 2911 illius
1321 2845 1387 2913 viri
1408 2845 1594 2912 auctoritas
1609 2844 1682 2911 sin-

564 2953 679 3041 gulari
689 2951 781 3041 juris
797 2953 911 3021 civilis
938 2953 1052 3020 studio
1076 2952 1229 3020 maxime
1255 2952 1337 3019 nixa
1367 2950 1411 3041 (2)
1446 2951 1679 3021 minueretur.

565 3058 663 3139 Quod
677 3061 719 3143 si,
736 3059 792 3128 vel
804 3083 843 3127 ea
859 3061 993 3127 ratione
1005 3058 1172 3142 adhibita,
1191 3064 1310 3126 noster
1324 3064 1440 3125 orator
1456 3056 1537 3125 huic
1551 3056 1680 3146 digres-

564 3167 654 3233 sioni
666 3167 779 3256 majus
800 3168 952 3257 spatium
972 3167 1184 3234 concessisse
1204 3166 1300 3233 visus
1325 3165 1404 3249 erit,
1427 3187 1533 3254 quam
1555 3187 1678 3232 —non

564 3268 640 3340 ilico
677 3275 913 3342 necessarium
952 3274 1011 3341 sed
1046 3273 1132 3341 utile
1155 3272 1202 3362 (3)
1241 3312 1279 3324 -·
1306 3279 1392 3358 erat,
1414 3273 1680 3339 meminerimus

563 3402 643 3447 eum
664 3388 702 3447 ut
718 3382 882 3449 Murenae
903 3388 1089 3470 patronum
1115 3388 1194 3470 post
1208 3379 1436 3446 Hortensium
1464 3383 1498 3446 61
1513 3378 1679 3447 Crassum

561 3486 609 3553 ila
624 3487 751 3571 dicere,
773 3495 901 3554 utnon
929 3493 1061 3577 partem
1080 3486 1234 3576 aliquam
1255 3492 1372 3574 ageret
1395 3508 1532 3571 causae,
1551 3485 1610 3553 sed
1638 3485 1680 3553 de

562 3599 631 3661 tota
652 3617 688 3661 re
711 3593 852 3675 diceret,
877 3622 892 3654 «
918 3592 1010 3683 quod
1040 3592 1107 3660 sibi
1130 3592 1431 3682 1111616161(1)»;
1462 3599 1495 3661 et
1518 3616 1612 3675 vere,
1641 3599 1679 3660 ut

562 3702 678 3791 ipsum
698 3702 901 3784 6661611111,
927 3710 1098 3792 quantum
1125 3702 1160 3766 in
1191 3700 1254 3767 illa
1279 3698 1530 3767 consuetudine
1551 3701 1597 3766 ita
1624 3700 1679 3765 in·

561 3808 729 3898 1111616111
755 3808 913 3898 singulae
936 3831 1060 3876 causae
1080 3808 1349 3875 defenderentur
1369 3829 1387 3873 a
1413 3806 1582 3895 pluribus,
1603 3807 1679 3874 vitii

560 3916 689 3984 inesset
705 3916 767 4006 (5),
785 3914 1012 3983 sicrectesibi
1025 3915 1184 3983 conscius
1204 3920 1289 3997 erat,
1312 3936 1348 3981 se
1365 3935 1445 3980 eum
1457 3913 1678 4001 potissimum

561 4046 647 4110 esse,
665 4024 726 4112 qui
746 4031 778 4091 61
805 4023 867 4090 hoc
887 4024 1014 4089 vitium
1040 4022 1202 4113 obtegere
1218 4027 1251 4089 et
1289 4049 1303 4083 a
1332 4020 1492 4110 judicum
1526 4020 1677 4086 satietati

559 4152 739 4198 occurrere
754 4130 803 4220 (6)
822 4158 838 4193 o
855 4153 916 4219 per
935 4129 1081 4197 ornandi
1092 4130 1281 4196 artilicium
1292 4135 1418 4218 posset.
1442 4127 1531 4193 lllud
1545 4127 1676 4194 scilicet

562 4265 577 4299 κ
595 4238 686 4327 quod
702 4237 766 4305 sibi
783 4237 962 4305 videretur
977 4265 991 4298 1
1010 4238 1164 4305 maxima
1183 4259 1262 4303 cum
1287 4236 1506 4302 audientium
1529 4232 1676 4301 delecta·

590 4502 624 4564 (1)
639 4501 676 4552 Gi.
697 4502 829 4551 0113111
846 4504 886 4565 (66
901 4516 983 4566 supra
997 4503 1084 4552 nostr.
1099 4506 1168 4567 part.
1184 4503 1203 4561 I,
1219 4505 1298 4565 1131,
1314 4517 1341 4550 n.
1356 4504 1393 4564 t).

591 4574 623 4635 (2)
639 4572 677 4621 (11.
704 4588 744 4632 66,
760 4588 828 4637 quae
855 4573 887 4624 do
914 4574 965 4623 hoc
985 4574 1224 4637 praestantissimo
1243 4574 1354 4638 Sulpicii
1384 4573 1473 4622 studio
1497 4573 1588 4622 Cicero
1615 4573 1674 4636 ipse

557 4645 624 4694 dixit
638 4645 667 4693 in
681 4646 773 4703 Bruto,
789 4647 842 4704 152,
859 4651 885 4695 61
901 4646 929 4695 111
945 4644 1100 4709 Philippico
1117 4646 1160 4704 lx,
1178 4646 1206 4693 10
1222 4660 1281 4708 sqq.

589 4716 621 4778 (3)
641 4716 714 4765 Hanc
732 4716 821 4780 ipsam
835 4716 1039 4767 distinctionem
1055 4718 1146 4766 Cicero
1161 4716 1225 4767 lacit
1238 4717 1266 4766 in
1282 4718 1372 4775 Bruto,
1387 4718 1431 4765 326
1452 4717 1473 4779 (1
1491 4716 1673 4767 6661661166...

557 4789 605 4836 6111
615 4790 784 4838 necessariae
795 4791 842 4838 aut
856 4788 992 4838 interdum
1006 4789 1087 4838 utiles
1104 4790 1136 4852 1).

589 4859 622 4921 (1)
638 4862 666 4908 61
680 4860 714 4923 (6)
729 4858 768 4909 Gl.
788 4861 838 4908 Pro
854 4862 979 4920 Murena,
995 4862 1033 4910 48.

587 4930 620 4994 (5)
637 4930 674 4980 Gt.
692 4932 776 4989 Brut,
792 4933 898 4981 roa-209
910 4947 916 4981 :
930 4932 1045 4981 —idem
1060 4932 1112 4981 dici
1127 4933 1217 4996 potest
1232 4931 1263 4981 de
1276 4929 1399 4995 pluribus
1413 4930 1477 4980 61116
1489 4930 1587 4989 6611616,
1604 4941 1672 4992 quas

555 5002 646 5052 Cicero
662 5002 737 5062 dixit,
752 5004 864 5053 -sicut
878 5003 910 5054 de
926 5004 1005 5055 Sestii
1019 5018 1110 5054 causa.
