4467 6167
1002 837 1180 905 ..73-

538 1011 678 1102 copiose
693 1006 887 1076 disserebat
912 1004 972 1093 (l),
999 1005 1036 1072 in
1052 1026 1114 1071 sua
1130 999 1425 1071 demonstratione
1447 1020 1487 1067 eo
1514 1018 1656 1087 progre-

540 1118 650 1193 diens,
667 1123 705 1184 ut
723 1116 832 1182 facete
847 1112 998 1190 doceret,
1014 1133 1071 1179 eas
1086 1109 1306 1199 cupiditates,
1318 1129 1407 1196 quae
1422 1104 1656 1195 objicerentur

540 1225 668 1303 Caelio,
692 1230 795 1312 atque
814 1242 854 1287 ea
877 1217 995 1285 studia
1014 1217 1178 1298 oratoria,
1196 1217 1231 1283 in
1257 1214 1386 1304 quibus
1406 1213 1500 1280 idem
1521 1234 1557 1279 se
1571 1211 1656 1278 satis

540 1331 730 1422 profecisse
744 1326 965 1410 ostendisset,
996 1355 1012 1389 «
1026 1349 1095 1394 non
1112 1325 1213 1393 facile
1228 1326 1265 1391 in
1283 1322 1404 1403 eodem
1420 1321 1564 1388 homine
1581 1341 1656 1386 esse

542 1460 642 1530 posse
662 1436 711 1527 (2)
729 1461 759 1503 r.
778 1436 898 1524 Neque
912 1457 1006 1520 vern,
1020 1434 1103 1523 quia
1126 1432 1212 1500 tales
1224 1430 1288 1499 loci
1303 1431 1339 1496 in
1359 1428 1447 1518 ipsis
1464 1427 1662 1493 multarum

540 1565 727 1613 causarum
746 1541 863 1610 nervis
888 1540 1110 1608 inhaerentes
1137 1539 1268 1607 oratori
1287 1533 1575 1615 obversabantur,
1604 1532 1657 1598 id-

541 1654 631 1721 circo
644 1650 838 1717 multorum
852 1655 1032 1716 oratorum
1052 1652 1126 1714 erat
1145 1669 1216 1726 eos,
1240 1644 1388 1710 -sicut
1407 1641 1527 1711 cicero
1543 1640 1656 1707 facere

542 1757 609 1826 sibi
624 1756 821 1837 videbatur,
838 1793 882 1807 —-
899 1776 1021 1821 earum
1041 1753 1309 1837 sententiarum,
1328 1771 1417 1839 quae
1437 1748 1479 1816 ad
1503 1747 1657 1837 philoso-

543 1863 663 1954 phiam
678 1860 848 1929 moralem
871 1854 1101 1949 pertinerent,
1120 1858 1343 1950 adjunctione
1363 1877 1543 1923 exornare.

587 1971 636 2037 De
662 1996 678 2031 «
709 1966 936 2056 conjecturali
962 1987 1091 2054 genere
1115 1993 1131 2027 n
1160 1964 1348 2055 separatim
1376 1960 1545 2031 hactenus
1570 1962 1658 2029 dixi-

543 2097 621 2141 mus
639 2093 646 2140 :
667 2094 775 2153 nunc,
793 2072 822 2138 si
837 2071 879 2138 ad
895 2071 1080 2160 reliquas«
1098 2072 1365 2141 constitutiones
1383 2072 1658 2141 »transierimus

545 2182 689 2271 [neque
708 2184 845 2270 praeter
864 2199 1040 2244 summam
1064 2200 1188 2245 earum
1215 2201 1235 2245 a
1259 2178 1438 2268 superiore
1466 2178 1659 2246 distinctio-

543 2311 636 2373 nem,
653 2288 696 2355 ad
716 2308 790 2354 rem
811 2289 966 2351 nostram
981 2285 1140 2367 interest,
1159 2286 1195 2351 in
1215 2284 1265 2352 eis
1284 2284 1474 2373 partiendis
1495 2292 1527 2353 et
1545 2287 1657 2353 rheto-

542 2417 597 2462 res
617 2396 758 2461 interae
771 2391 856 2459 satis
876 2388 1084 2458 dissensisse
1105 2390 1153 2480 (3)
1170 2396 1202 2458 et
1219 2391 1420 2459 Ciceronem
1436 2415 1505 2460 non
1522 2416 1659 2482 semper

544 2523 662 2570 secum
693 2500 837 2568 omnino
865 2498 1063 2564 consentire
1090 2497 1169 2586 (l)],
1192 2496 1266 2587 jam
1300 2498 1342 2565 ab
1371 2500 1421 2567 eis
1454 2500 1545 2579 loric,
1572 2523 1659 2590 quos

545 2616 604 2677 aut
617 2606 823 2675 Aristoteles
838 2610 899 2672 aut
916 2604 1149 2694 Hermagoras
1172 2604 1399 2688 tradiderant,
1420 2608 1604 2676 veniemus
1618 2607 1660 2676 ad

545 2737 622 2784 eam
638 2715 749 2803 ipsam
771 2715 1009 2803 amplificandi
1026 2716 1211 2786 rationem.
1233 2737 1340 2804 quam
1361 2716 1481 2785 Cicero
1502 2740 1563 2785 sua
1584 2741 1661 2808 pro·

545 2824 620 2913 pria
640 2821 847 2889 auctoritate
866 2823 1080 2912 etexemplo
1106 2822 1258 2889 maxime
1277 2824 1561 2895 commendavit:
1578 2846 1661 2892 nam

546 2931 580 2996 in
597 2925 769 3020 ejusmodi
788 2930 1068 3010 constitutiones,
1091 2951 1181 3018 quae
1195 2936 1256 2996 aut
1276 2930 1312 2995 in
1332 2930 1526 3015 delinitione
1546 2938 1605 2998 aut
1625 2932 1659 2997 in

545 3036 718 3127 aequitate
733 3043 958 3104 versarentur
972 3036 1034 3126 (5),
1051 3038 1126 3127 ipse
1146 3036 1358 3125 significavit
1381 3036 1428 3126 (a)
1457 3036 1491 3103 id
1508 3038 1660 3105 maxime

544 3144 677 3219 cadere,
695 3141 787 3231 quod
801 3142 838 3209 in
855 3170 870 3204 n
889 3142 1072 3210 excellenti
1086 3149 1254 3210 oratore»
1272 3144 1477 3232 requireret,
1495 3150 1532 3211 nt
1547 3167 1567 3210 a
1584 3166 1662 3233 pro·

547 3250 634 3340 priis
654 3249 813 3338 personis
832 3255 868 3314 et
885 3249 1102 3339 temporibus
1123 3248 1165 3315 ad
1186 3269 1409 3316 communem
1429 3250 1586 3317 universi
1602 3271 1661 3338 ge-

545 3357 639 3424 neris
659 3356 900 3445 quaestionem
927 3356 1167 3422 controversia
1192 3353 1437 3422 traduceretur
1464 3356 1510 3444 (l)
1530 3378 1536 3424 :
1555 3378 1661 3445 quam

548 3492 562 3524 n
584 3461 781 3530 dilatandae
803 3462 1007 3529 »orationis
1036 3461 1225 3528 formulam
1255 3462 1314 3549 qui
1334 3470 1554 3552 sequeretur,
1579 3464 1662 3531 satis

546 3570 696 3658 intelligi
713 3576 824 3659 potest
839 3591 920 3635 eum
936 3570 971 3634 in
992 3567 1287 3657 philosophorum
1308 3563 1408 3657 quasi
1434 3598 1449 3629 o
1477 3571 1663 3660 possessio-

546 3698 607 3770 nes
622 3704 637 3738 n
662 3677 801 3765 saepius
816 3674 939 3742 deduci
953 3674 1114 3742 debuisse
1133 3694 1140 3741 :
1158 3674 1254 3742 velut
1270 3676 1305 3740 in
1319 3673 1456 3741 Milonis
1472 3696 1589 3757 causa,
1602 3674 1662 3740 ubi

548 3806 613 3862 non
635 3782 677 3851 de
690 3784 797 3872 sacto,
817 3781 877 3849 sed
897 3781 941 3848 de
956 3781 1037 3870 jure
1055 3779 1310 3870 ambigebatur,
1326 3778 1367 3847 de
1383 3780 1438 3847 sui
1454 3779 1662 3847 defendendi

578 3996 611 4057 (1)
626 3996 678 4044 Ρνο
692 3994 789 4052 Caelio,
801 3996 830 4042 27
841 4007 892 4056 sqq

579 4068 611 4129 (2)
625 4065 692 4116 lbid.
709 4068 793 4115 45-46.

578 4140 611 4199 (3)
625 4139 659 4187 Ut
671 4138 737 4187 satis
751 4139 870 4201 apparet,
884 4137 907 4186 si
921 4136 953 4185 de
976 4149 1007 4184 ea
1032 4132 1177 4197 partitione
1205 4131 1373 4181 wictericum
1394 4145 1409 4180 t(
1429 4131 1465 4179 nd
1476 4130 1663 4178 Herennium»

547 4208 648 4258 dietam
665 4222 727 4258 eum
743 4208 820 4258 libris
836 4209 874 4256 De
889 4207 1043 4256 Inventione
1059 4203 1232 4253 conterimus.
1256 4203 1337 4250 —De
1353 4203 1441 4251 cetero
1457 4201 1488 4250 V.
1504 4200 1664 4259 Quintiliani

547 4280 635 4329 instit.
651 4283 719 4328 orat.
731 4279 778 4331 lib.
794 4280 840 4336 ΙΙΙ,
857 4293 918 4343 cap.
939 4281 969 4327 6:
985 4296 996 4322 (ι
1009 4276 1076 4335 Quot
1092 4278 1119 4324 et
1130 4275 1176 4338 qni
1187 4276 1283 4323 statur.
1301 4292 1312 4316 υ

579 4352 611 4414 (4)
627 4352 697 4401 Nam
708 4352 736 4400 in
750 4351 819 4400 libro
836 4351 859 4398 ll
869 4351 902 4399 de
915 4350 1027 4399 Oratore
1041 4347 1165 4410 (iro-na)
1181 4346 1232 4394 hoc
1244 4358 1340 4407 genus,
1355 4344 1462 4406 quodin
1477 4344 1570 4406 scripti
1583 4342 1664 4392 inter-

546 4423 697 4487 pretatione
718 4426 849 4479 versatur,
866 4420 899 4470 ad
914 4433 1008 4483 genua,
1022 4418 1050 4466 in
1066 4431 1120 4480 quo
1136 4416 1274 4479 quaeritur
1290 4431 1300 4459 n
1316 4414 1396 4478 quale
1413 4414 1448 4462 sit
1475 4429 1496 4471 r,
1521 4412 1663 4475 adjungit3

547 4494 618 4543 idem
642 4497 733 4543 autem
754 4507 840 4556 genus
855 4493 884 4541 in
906 4491 982 4541 libris
1007 4490 1039 4538 de
1053 4488 1259 4546 lacerationem
1282 4486 1371 4534 Periit
1384 4487 1452 4534 oret.
1469 4485 1593 4547 (tot-108,
1611 4486 1656 4531 132

547 4567 628 4629 sqq),
643 4566 672 4614 in
688 4565 791 4627 Topicis
806 4564 909 4627 (95-96),
920 4561 954 4612 ab
970 4560 1031 4609 aliis
1042 4560 1150 4623 seponIt
1165 4558 1212 4621 (Cf.
1229 4558 1311 4606 etiam
1327 4558 1364 4605 lte
1384 4557 1467 4615 Oret,
1480 4557 1499 4614 Ι,
1517 4556 1584 4615 itu).

579 4638 610 4700 (5)
627 4636 769 4699 Definitiva
783 4638 810 4684 et
823 4633 957 4698 poneretis
981 4630 1190 4694 appellabantur
1208 4643 1214 4677 ε
1234 4630 1281 4677 tras
1298 4632 1351 4677 tres
1367 4627 1577 4677 constitutiones
1602 4640 1664 4672 eon-

541 4706 714 4772 jectnrolem,
724 4706 898 4770 definitivam,
913 4702 1075 4767 pererratam,
1087 4701 1178 4750 Cicero
1190 4701 1346 4748 constanter
1362 4698 1511 4761 distinguit.
1528 4695 1564 4744 Cl.
1582 4696 1664 4744 etiam

549 4779 695 4912 orttitffiiirq
712 4851 757 4897 126
774 4848 827 4911 (α...
844 4846 898 4895 nisi
914 4859 977 4895 cum
999 4843 1030 4894 da
1054 4856 1118 4892 vero
1134 4841 1290 4905 ambigitur,
1307 4838 1378 4903 quod
1400 4840 1484 4903 quaeri
1508 4837 1664 4901 conjecture

548 4920 618 5056 solii
629 4922 675 5042 iii.
690 4993 729 5049 45,
746 4992 807 5050 1463
820 4991 896 5038 Brut.
910 4990 955 5037 322
969 5002 975 5048 ;
989 4986 1090 5035 Periit.
1105 4998 1155 5043 or.‚
1173 4983 1230 5045 1063
1243 4985 1281 5032 De
1295 4983 1338 5032 Or.
1356 4981 1388 5039 ll,
1403 4984 1449 5030 132
1465 4994 1523 5044 sqq.
