4467 6167
1066 773 1241 841 „93-

598 948 698 1033 cepta
723 964 777 1010 aa
800 941 949 1032 pristina
972 942 1156 1010 severitate
1181 969 1197 1004 a
1226 940 1459 1032 discrepantia
1488 943 1617 1010 referre
1639 967 1716 1033 pas-

598 1058 650 1118 set
664 1049 711 1140 (1)
745 1050 788 1118 ad
815 1048 1071 1118 defendendum
1098 1071 1179 1116 eum
1207 1048 1477 1132 adulescentem,
1509 1049 1609 1140 qui«
1641 1050 1716 1118 Clo·

597 1156 690 1225 diam
710 1158 814 1249 paulo
839 1157 985 1225 liberius
1005 1156 1225 1224 salutavisset
1254 1181 1271 1223 a
1295 1155 1365 1245 (2);
1389 1154 1525 1240 -sed,
1547 1157 1714 1245 quoniam

596 1264 633 1330 in
666 1265 808 1354 propria
840 1264 1015 1332 Ciceronis
1045 1262 1241 1330 eruditione
1269 1265 1342 1352 jam
1370 1284 1464 1328 nunc
1494 1263 1626 1330 versari
1650 1286 1713 1331 nos

597 1372 890 1460 praedicavimus,
912 1374 976 1438 hoc
998 1370 1114 1461 potius
1146 1369 1245 1437 nobis
1279 1368 1426 1459 proponi
1456 1367 1569 1451 debet,
1604 1375 1643 1437 ut
1672 1369 1713 1438 de

597 1477 699 1546 rebus
726 1480 813 1569 ipsis
829 1484 970 1568 propter
990 1499 1025 1543 se
1041 1476 1269 1544 consideratis
1289 1476 1523 1566 inquiramus,
1539 1482 1712 1565 quatenus

596 1585 671 1675 ipsa
708 1586 963 1652 sententiarum
994 1583 1068 1671 ejus
1106 1583 1244 1674 generis
1268 1605 1329 1673 per
1353 1583 1527 1650 orationes
1551 1583 1715 1650 dissemi-

595 1699 756 1759 natarum
789 1693 938 1760 varietas
966 1690 1008 1758 ad
1046 1688 1200 1778 ejusdem
1232 1689 1408 1779 propriam
1440 1689 1711 1780 philosophandi

594 1798 764 1865 rationem
777 1798 885 1888 redigi
905 1819 1005 1888 posse
1026 1796 1195 1864 videatur.
1215 1796 1288 1862 Non
1302 1818 1370 1885 quo
1390 1820 1410 1863 a
1430 1803 1549 1864 nostro
1576 1804 1712 1865 oratore

593 1904 629 1970 in
649 1904 776 1973 talibus
796 1904 899 1973 rebus
916 1905 1027 1994 magis
1038 1925 1144 1993 quam
1165 1904 1199 1969 in
1213 1904 1292 1971 aliis
1309 1910 1405 1974 certa
1420 1925 1538 1970 secum
1554 1909 1711 1972 constan-

592 2014 640 2079 tia
659 2020 718 2080 aut
747 2014 878 2102 requiri
911 2011 1033 2079 debeat
1061 2018 1123 2079 aut
1150 2012 1254 2078 etiam
1283 2012 1473 2100 exspectari
1494 2011 1627 2099 possit:
1650 2012 1710 2101 qui

593 2120 685 2187 enim
715 2142 758 2187 ne
777 2121 811 2186 in
829 2121 878 2187 eis
898 2118 1040 2209 quidem
1065 2118 1217 2208 scriptis,
1240 2116 1299 2186 ubi
1328 2116 1369 2184 de
1384 2117 1515 2184 eisdem
1546 2116 1648 2185 rebus
1674 2119 1708 2185 in

592 2233 746 2294 extrema
779 2226 871 2294 vitae
900 2247 983 2293 suae
1004 2231 1100 2315 parte
1130 2227 1173 2313 (3)
1198 2231 1237 2292 ut
1267 2223 1499 2314 philosophus
1528 2223 1708 2313 disseruit,

590 2335 753 2401 artiorem
778 2332 845 2401 sibi
865 2356 1003 2423 semper
1017 2334 1246 2401 conveniendi
1265 2334 1379 2420 legem
1396 2333 1462 2400 sibi
1488 2335 1705 2423 imposuerit,

591 2438 648 2507 sed
665 2441 891 2508 Carneadiam
918 2440 1111 2529 probabilia
1136 2440 1303 2531 sequendi
1331 2441 1499 2508 rationem
1520 2442 1568 2507 ita
1600 2443 1706 2509 inter·

591 2555 744 2637 pretatus
778 2549 835 2628 sit,
859 2556 897 2615 ut
916 2549 970 2615 vel
990 2548 1059 2616 alia
1082 2549 1169 2615 alias
1197 2574 1211 2612 a
1237 2546 1378 2634 probare
1396 2578 1410 2609 »
1435 2546 1500 2614 sibi
1528 2548 1706 2616 lindiam

592 2655 721 2722 viventi
744 2684 759 2717 a
778 2656 826 2745 (4)
853 2656 983 2735 liceret,
1012 2695 1051 2703 —
1068 2654 1243 2743 quomodo
1263 2656 1473 2721 miraremur
1493 2653 1654 2721 eumdem
1669 2662 1707 2723 ut

588 2767 761 2827 oratorem
773 2760 807 2826 in
825 2760 1008 2846 biarchus,
1026 2785 1112 2851 quas
1132 2763 1230 2851 parvi
1245 2761 1370 2829 ducere
1397 2762 1564 2829 Romanis
1594 2760 1706 2831 adhuc

589 2888 663 2933 mos
683 2868 818 2956 patrius
838 2875 912 2934 erat
932 2868 993 2957 (5),
1023 2870 1244 2949 singularum
1265 2892 1450 2936 causarum
1480 2870 1623 2936 utilitati
1644 2870 1704 2937 ali-

568 3059 570 3063 ·
588 2980 756 3062 quantum
771 2975 983 3041 concessisse
995 2977 1010 3040 ‘t
1022 2975 1088 3043 Sed
1102 2976 1402 3065 tamen,quiaipse
1419 2977 1460 3043 de
1478 2976 1532 3042 his
1551 3005 1563 3036 a
1583 2975 1704 3043 huma·

585 3080 703 3147 nitatis
727 3080 852 3148 studiis
877 3110 890 3141 u
912 3082 960 3165 (6)
985 3080 1074 3150 hanc
1098 3084 1298 3173 opinionem
1316 3082 1435 3172 (quam
1456 3089 1574 3172 postea
1590 3083 1703 3171 magis

586 3188 765 3277 magisque
777 3186 842 3254 sibi
860 3211 1059 3277 persuasam
1072 3188 1208 3279 habuit)
1225 3192 1260 3257 in
1284 3220 1299 3249 «
1313 3189 1444 3279 judicio
1461 3189 1598 3279 publico
1621 3217 1635 3251 u
1655 3190 1702 3279 (i)

586 3295 733 3384 primus,
760 3302 798 3363 ut
815 3295 962 3374 videtur,
993 3295 1194 3373 declaravit.
1227 3300 1400 3387 nequead
1430 3323 1554 3367 vanam
1581 3323 1702 3389 quam-

583 3400 662 3469 dam
699 3400 937 3470 eruditionem¹
961 3427 1000 3471 ea
1035 3405 1234 3493 repellenda
1256 3429 1331 3473 esse
1363 3431 1474 3498 neque
1502 3406 1541 3474 ad
1575 3430 1702 3475 ornan-

582 3508 662 3575 dam
683 3509 922 3577 tantummodo
948 3511 1086 3578 dicendi
1102 3511 1302 3579 facultatem
1327 3514 1490 3604 prodesse
1506 3516 1562 3599 ¹8),
1579 3514 1635 3581 sed
1658 3515 1700 3581 ad

613 3792 644 3851 (1)
661 3791 690 3838 P.
704 3789 802 3848 Caelio,
823 3792 893 3839 til-ll
911 3808 916 3839 ε
943 3812 973 3839 «..
1007 3792 1101 3854 ltaque
1119 3792 1321 3857 aliivoluptatis
1337 3806 1420 3843 causa
1442 3795 1534 3843 omnia
1557 3796 1695 3858 sapientes

580 3861 667 3911 lacere
689 3862 860 3922 dixerunt...;
883 3861 929 3911 alii
953 3876 1015 3911 cum
1039 3864 1179 3926 voluptate
1194 3865 1351 3928 dignitatem
1379 3866 1595 3929 conjungendam
1621 3870 1697 3930 puta.

580 3936 685 3992 verunt,
700 3935 732 3982 ut
755 3948 798 3983 res
822 3934 941 3982 maxime
966 3933 1035 3982 inter
1057 3949 1085 3984 se
1101 3940 1284 3999 repugnantes
1309 3936 1415 3985 dicendi
1441 3936 1568 3985 facultate
1584 3938 1697 3999 conjun-

579 4006 688 4066 gerent;
704 4004 770 4054 illud
784 4019 868 4055 unum
886 4004 1023 4053 derectum
1038 4005 1089 4055 iter
1101 4007 1134 4056 ad
1147 4007 1255 4057 laudem
1266 4021 1329 4057 cum
1344 4008 1434 4057 labore
1449 4008 1493 4069 qui
1504 4008 1697 4071 probaverunt,

578 4088 660 4138 prope
671 4075 722 4125 soli
735 4077 792 4138 Jam
806 4078 836 4126 in
850 4075 951 4125 scholis
963 4080 1025 4125 sunt
1041 4078 1130 4127 relicti
1191 4100 1200 4121 n
1212 4107 1243 4113 -
1255 4081 1290 4128 lte
1306 4094 1337 4128 ea
1352 4079 1477 4136 torritula,
1499 4094 1567 4141 quae
1583 4079 1698 4142 dignita·

579 4149 634 4195 tem
646 4147 698 4209 (vel
718 4148 899 4202 honestatem)
915 4160 977 4195 cum
993 4147 1131 4211 voluptate
1156 4151 1346 4213 conjungebat,
1364 4151 1400 4199 cl.
1416 4151 1498 4199 elaad.
1513 4151 1560 4197 Pri
1588 4152 1618 4208 ll,
1635 4154 1694 4208 131;

580 4218 652 4267 —De
660 4217 758 4277 rania,
772 4220 805 4281 ll,
818 4222 864 4278 353
882 4218 913 4276 V,
930 4219 973 4276 213
988 4243 1015 4253 -
1034 4220 1148 4281 Tuscul,
1161 4223 1191 4278 V,
1208 4225 1245 4281 85,
1259 4223 1306 4271 uhi
1321 4223 1387 4271 haec
1402 4221 1521 4269 formula
1534 4221 1697 4286 Calliphonti

578 4288 798 4354 Dinomachoque
806 4290 947 4348 tribuitur3
961 4287 1007 4337 sed
1019 4290 1047 4337 in
1061 4293 1183 4342 oratione
1193 4295 1244 4341 Pro
1260 4292 1349 4343 Caelio
1361 4292 1451 4341 Cicero
1462 4292 1530 4341 alios
1542 4293 1624 4341 ctiam
1634 4307 1696 4341 cum

576 4360 620 4409 his
632 4360 796 4411 contundere
809 4362 842 4411 de
857 4360 990 4410 industria
1010 4359 1122 4411 videtur.

609 4432 641 4488 (2,
656 4433 693 4482 cf.
708 4434 759 4482 Pro
772 4434 871 4491 Caelio,
887 4435 926 4481 38.
1191 4435 1193 4439 '

609 4504 640 4567 (3)
656 4505 724 4554 Nam
738 4505 782 4554 hic
797 4505 830 4554 de
845 4519 876 4553 ea
890 4505 957 4553 serie
983 4501 1124 4562 librorum,
1141 4520 1209 4569 quae
1227 4505 1260 4555 ab
1276 4506 1442 4555 Academicis
1467 4506 1570 4569 incipit,
1588 4507 1694 4554 tantum

576 4575 722 4639 loquimur.

605 4650 639 4709 (t)
655 4648 730 4697 Sicut
742 4647 808 4698 dicit
819 4648 847 4697 in
866 4647 972 4701 Pascal,
990 4643 1021 4701 V,
1038 4648 1076 4696 33.

606 4720 642 4782 (5)
657 4719 687 4769 V.
700 4734 741 4779 ea,
755 4734 823 4783 quae
838 4718 871 4769 de
887 4722 982 4770 Crasso
994 4723 1029 4771 M.
1044 4719 1148 4769 Tullius
1162 4719 1227 4770 dicit
1242 4722 1269 4769 in
1285 4720 1355 4769 libro
1371 4721 1409 4768 De
1426 4720 1480 4778 Or„
1497 4719 1577 4778 11‚40.

605 4791 637 4853 (6)
650 4792 681 4839 P.
697 4791 806 4851 Archia,
819 4794 841 4841 3.
857 4819 889 4827 -
900 4793 927 4841 P.
945 4794 1067 4849 Murena,
1083 4794 1121 4841 61.
1136 4791 1172 4841 Gi.
1191 4807 1271 4856 supra
1283 4794 1312 4841 in
1323 4793 1375 4840 hoc
1390 4792 1449 4854 ipsa
1467 4790 1564 4853 capite.

605 4865 638 4925 (t)
654 4864 710 4911 Hoc
722 4864 914 4914 animadvertit
928 4865 961 4913 Μ.
977 4865 1081 4914 Tullius
1094 4866 1122 4912 in
1136 4878 1173 4912 or.
1193 4866 1222 4911 Ρ.
1238 4863 1347 4922 Archia,
1359 4866 1381 4911 3.

605 4934 691 4997 (trel.
719 4936 748 4985 P.
777 4934 859 4985 Arca.
874 4937 902 4985 13
926 4952 932 4985 :
961 4956 1004 4987 a...
1021 4950 1054 4986 ex
1070 4936 1113 4985 his
1142 4935 1239 4985 studiis
1267 4936 1334 4985 haec
1353 4948 1459 4998 quoque
1483 4934 1581 4984 crescit
1601 4932 1689 4983 oratio
