4467 6167
1149 848 1348 914 -llltl—

682 1012 857 1102 majorum
873 1013 1043 1102 exemplis
1056 1018 1090 1080 et
1105 1014 1276 1080 institutis
1299 1012 1563 1103 responderent,
1596 1014 1638 1081 ad
1661 1021 1707 1081 rei
1729 1037 1808 1082 nos-

683 1124 756 1187 trae
771 1119 1051 1208 explanationem
1078 1120 1230 1186 maxime
1254 1121 1404 1209 pertinet
1423 1125 1557 1202 notare,
1581 1121 1757 1209 quomodo
1773 1122 1804 1187 in

683 1225 839 1292 oratione
888 1224 929 1291 de
966 1226 1197 1315 Haruspicum
1235 1248 1392 1313 responso
1429 1224 1549 1293 habita
1587 1226 1631 1316 (l)
1672 1228 1807 1318 ipsein

684 1331 814 1399 Senatu
841 1332 1017 1422 protessus
1050 1334 1165 1408 sit,se
1190 1334 1322 1400 suisio
1355 1332 1579 1425 philosophia
1613 1334 1741 1401 studiis
1768 1335 1808 1401 ab

683 1438 909 1507 observandis
923 1440 1096 1528 majorum
1122 1440 1351 1529 religionibus
1381 1427 1463 1507 non
1482 1439 1691 1508 deterritum
1720 1465 1804 1509 esse.

685 1546 773 1612 Nam
797 1546 831 1611 in
854 1544 917 1613 bac
946 1548 1102 1614 oratioue
1122 1548 1154 1614 ei
1175 1569 1258 1614 sane
1283 1546 1409 1614 licebat
1428 1570 1448 1613 a
1469 1546 1586 1629 rebuS,
1612 1570 1701 1637 quas
1721 1555 1806 1616 trac-

684 1653 789 1734 tabat,
812 1650 1090 1742 philosophantis
1115 1676 1301 1742 personam
1333 1654 1479 1720 omnino
1506 1675 1703 1738 semovere,
1721 1656 1808 1722 sicut

684 1768 716 1827 et
747 1759 850 1849 paulo
870 1765 950 1826 ante
970 1758 1119 1828 iaciebat
1144 1783 1225 1829 cum
1245 1788 1261 1823 u
1287 1760 1329 1828 de
1351 1759 1455 1827 domo
1475 1782 1539 1827 sua
1571 1787 1587 1821 »
1618 1767 1739 1849 ageret
1767 1762 1807 1828 ad

684 1866 876 1955 pontifices
904 1873 938 1933 et
967 1889 1028 1957 per
1058 1868 1146 1934 alias
1180 1868 1285 1935 etiam
1312 1867 1488 1935 orationes
1518 1874 1580 1933 aut
1607 1866 1651 1935 ed
1674 1867 1810 1956 judiees

684 1973 803 2041 autad
832 1974 1002 2064 populum
1024 1980 1083 2041 aut
1111 1976 1148 2041 in
1174 1975 1305 2043 Senatu
1322 1973 1457 2042 habitas
1478 1972 1519 2041 de
1550 1973 1603 2040 dis
1628 1975 1809 2042 immorta-

683 2082 776 2148 libus
792 2080 904 2170 deque
924 2104 1047 2149 eorum
1063 2082 1292 2171 religionibus
1309 2081 1357 2172 (2)
1375 2081 1458 2149 satis
1487 2080 1599 2148 multa
1619 2080 1753 2149 dixerat
1768 2082 1808 2148 ad

686 2187 891 2277 popularem
911 2187 1112 2276 opinionem
1125 2187 1331 2277 simpliciter
1346 2186 1607 2255 accommodata
1621 2188 1705 2271 (nisi
1720 2188 1809 2278 quod

687 2295 922 2362 honestiorem
938 2293 1112 2361 deeorum
1131 2294 1278 2360 numine
1298 2300 1332 2360 et
1351 2301 1467 2361 mente
1483 2295 1686 2382 opinionem
1703 2296 1809 2363 inter-

685 2402 767 2468 dum
797 2423 858 2491 pro
888 2401 1147 2490 opportunitate
1183 2422 1309 2467 causae
1340 2400 1594 2491 introducebat)
1627 2400 1679 2490 (3)
1710 2426 1717 2486 3
1750 2403 1807 2471 sed

684 2517 813 2586 tamen,
835 2530 914 2574 cum
929 2514 999 2574 tota
1011 2509 1121 2575 oratio
1140 2509 1174 2573 in
1187 2506 1357 2597 prodigiis
1380 2508 1651 2597 interpretandis
1666 2510 1716 2576 ita
1730 2533 1807 2578 ver-

685 2616 752 2682 sari
767 2614 918 2695 deberet,
938 2621 974 2680 ut
990 2644 1003 2673 α
1023 2615 1258 2703 Haruspicum
1276 2637 1483 2702 responsum
1502 2644 1532 2697 »,
1547 2615 1640 2704 quod
1667 2616 1807 2683 Clodius

686 2724 717 2788 iu
737 2723 851 2811 ipsum
872 2723 1113 2806 convertisset,
1137 2722 1173 2787 in
1204 2721 1305 2787 illum
1331 2728 1606 2811 retorqueretur,
1637 2723 1806 2812 majorem

685 2828 845 2895 videlieet
864 2829 1104 2895 auctoritatem
1119 2828 1226 2895 verba
1241 2851 1306 2895 sua
1329 2827 1494 2895 habitura
1511 2851 1586 2896 esse
1602 2830 1646 2895 M.
1671 2830 1806 2896 Tullius

685 2936 908 3015 existimavit,
926 2936 1115 3018 sicaveret,
1141 2958 1182 3002 ue
1203 2942 1344 3026 propter
1362 2958 1402 3003 ea
1416 2935 1658 3024 philosophiae
1677 2937 1803 3017 studia,

684 3066 772 3132 quae
792 3044 865 3132 ipse
880 3041 954 3132 jam
974 3043 1073 3132 quasi
1100 3043 1136 3108 in
1164 3041 1344 3132 publicum
1369 3042 1588 3133 produxisset
1608 3043 1667 3134 (l),
1690 3044 1804 3111 fictam

684 3151 871 3238 quamdam
903 3150 1109 3216 sententiam
1140 3148 1182 3215 ad
1201 3149 1368 3239 temporis
1397 3150 1640 3216 necessitatem
1659 3150 1805 3217 induere

682 3256 869 3324 videretur.
887 3257 1021 3345 ltaque,
1054 3242 1242 3345 antequam
1257 3256 1458 3345 explicaret,
1489 3254 1572 3345 quid
1598 3254 1801 3346 haruspices

684 3364 864 3444 dixissent,
887 3369 928 3429 de
942 3386 978 3429 se
993 3364 1040 3430 ita
1056 3363 1221 3430 disseruit
1236 3386 1242 3430 :

720 3559 734 3584 «
749 3539 806 3608 Ego
818 3537 897 3590 enim
911 3536 1005 3591 fateor
1018 3555 1064 3593 me
1081 3543 1110 3593 et
1125 3538 1329 3609 magnitudine
1345 3539 1454 3593 ostenti
1464 3543 1493 3592 et
1503 3539 1645 3610 gravitate
1659 3540 1794 3610 responsi

683 3633 712 3680 et
725 3642 786 3681 una
799 3631 886 3695 atque
908 3628 1053 3682 constanti
1069 3628 1260 3698 haruspicum
1275 3644 1346 3682 voce
1370 3628 1561 3683 vehementer
1577 3644 1640 3682 esse
1662 3644 1794 3683 commo·

684 3719 747 3769 tum
761 3732 768 3782 ;
782 3731 880 3785 neque
893 3716 918 3770 is
933 3733 1009 3778 sum,
1034 3717 1094 3787 qui,
1112 3717 1136 3771 si
1152 3717 1199 3771 cui
1215 3716 1291 3771 forte
1303 3718 1406 3772 videor
1424 3715 1491 3787 plus
1516 3732 1606 3786 quam
1629 3717 1732 3783 ceteri,
1750 3717 1800 3788 qui

684 3820 777 3874 aeque
805 3809 894 3874 atque
919 3821 971 3877 ego
996 3809 1066 3859 suut
1085 3805 1230 3876 occupati,
1246 3805 1358 3861 versari
1384 3804 1415 3860 in
1440 3805 1537 3861 studio
1559 3804 1739 3866 litterarum,
1757 3806 1801 3860 his

715 4007 747 4069 (Ι)
763 4005 844 4055 Paulo
861 4007 921 4068 post
934 4003 1062 4063 reditum,
1076 4028 1106 4039 -
1121 4015 1192 4051 anno
1210 4003 1253 4050 697
1263 4020 1294 4045 =
1304 4003 1343 4051 57.

715 4078 747 4139 (rt
763 4076 841 4127 Velut
856 4089 918 4126 cum
933 4076 965 4124 de
976 4076 1065 4125 Verris
1079 4076 1107 4123 in
1122 4074 1235 4124 deorum
1248 4073 1347 4137 templa
1361 4072 1472 4122 offensis
1490 4071 1647 4137 indignatur
1661 4071 1701 4135 (la
1729 4074 1802 4124 Vere

683 4152 735 4198 aet.
752 4149 783 4206 ΙΙ,
799 4147 844 4195 lib.
860 4148 891 4206 Il,
908 4161 965 4211 cap.
981 4148 1024 4207 la;
1046 4146 1095 4197 lib,
1124 4146 1166 4203 lv,
1192 4144 1375 4209 eap.5l;lib.
1398 4144 1428 4203 V,
1446 4158 1502 4205 cap.
1520 4144 1802 4203 7213-autcumde

684 4219 725 4267 dis
741 4221 842 4268 Romae
857 4218 981 4281 propitiis
995 4218 1115 4281 loquitur
1127 4216 1166 4275 <iu
1183 4215 1327 4266 Catilinam
1338 4216 1390 4275 ΙΙΙ;
1405 4217 1434 4263 P.
1445 4213 1522 4264 Sulla
1537 4216 1566 4263 86
1578 4228 1585 4274 ς
1599 4214 1635 4261 De
1645 4214 1728 4263 Domo
1743 4230 1802 4272 sua,

684 4291 809 4348 its-144),
823 4292 870 4339 aut
878 4289 976 4338 iisdem
990 4303 1038 4352 pro
1049 4288 1138 4337 reditu
1153 4302 1201 4336 suo
1217 4288 1317 4351 gratias
1333 4288 1389 4350 agit
1404 4286 1601 4349 (Postredttuua
1616 4285 1761 4345 insecuta,
1776 4314 1803 4321 —

685 4363 721 4411 ad
737 4362 862 4421 Quirites,
876 4389 905 4397 -
922 4362 1042 4409 Dedomo
1056 4374 1115 4417 sue,
1133 4361 1205 4408 ra-ir
1222 4360 1292 4418 ;etc.

716 4437 749 4495 (3)
765 4432 844 4481 Velut
864 4434 893 4482 P.
920 4432 1051 4491 Cluentio,
1078 4433 1130 4492 19⁴,
1149 4432 1229 4479 -De
1252 4431 1328 4479 clamo
1343 4444 1401 4489 sue,
1420 4430 1465 4479 uer
1483 4428 1513 4490 (ιι
1534 4430 1602 4479 nihil
1617 4429 1704 4493 expeti
1721 4429 1801 4479 abiis

685 4505 756 4569 quod
772 4505 808 4553 sit
820 4505 954 4566 iniustum
980 4507 1060 4567 atque
1074 4504 1250 4551 inhonestum
1266 4501 1307 4550 las
1334 4516 1395 4552 esse
1411 4501 1443 4561 ut.
1459 4528 1489 4536 —
1511 4501 1549 4549 Ne
1573 4501 1601 4549 in
1625 4499 1727 4550 talibus
1743 4513 1803 4549 sen-

684 4576 777 4626 tentiis
792 4578 885 4624 noster
899 4577 989 4624 orator
1004 4573 1105 4637 aliquid
1118 4574 1182 4623 novi
1197 4572 1358 4635 aequalibus
1373 4572 1430 4621 suis
1445 4571 1569 4621 attulisse
1585 4571 1716 4629 videatur,
1730 4570 1803 4635 frag-

685 4650 808 4697 mentum
823 4648 851 4706 Q.
874 4647 972 4696 Metelli
994 4646 1130 4695 Numidici
1156 4644 1295 4707 (ejusdem,
1310 4657 1391 4707 quem
1405 4656 1486 4705 supra
1508 4657 1534 4706 p.
1557 4644 1586 4691 87
1602 4655 1801 4692 commemora-

684 4719 784 4780 vimus)
796 4719 829 4767 ab
844 4718 912 4767 Aulo
926 4717 1011 4766 Gellio
1023 4716 1141 4766 relatum
1153 4717 1181 4777 (Ι,
1194 4716 1216 4777 6)
1232 4715 1354 4764 conferre
1365 4715 1436 4772 licet,
1447 4713 1495 4761 ubi
1509 4714 1579 4762 hanc
1595 4714 1759 4774 sententiam
1770 4713 1801 4761 de

684 4790 725 4839 dis
739 4790 894 4839 invenimus
911 4806 916 4837 ε
931 4806 974 4837 u...
989 4788 1088 4837 lisdem
1102 4787 1167 4837 deos
1178 4786 1309 4850 propitios
1333 4799 1392 4834 esse
1418 4798 1536 4846 aequum
1551 4788 1599 4845 est,
1619 4784 1665 4847 qui
1686 4784 1740 4833 sibi
1755 4783 1802 4833 ad-

683 4862 795 4911 versarii
809 4875 865 4910 non
880 4864 943 4911 sunt
958 4876 963 4909 ε
981 4860 1017 4909 dii
1030 4858 1197 4910 immortales
1211 4859 1339 4907 virtutem
1360 4854 1517 4921 approbare,
1542 4870 1598 4905 non
1610 4856 1736 4905 adhibere
1751 4853 1800 4903 de-

683 4932 756 4982 bent.
776 4950 788 4978 a

716 5005 748 5067 (4)
765 5004 839 5053 Sicut
852 5004 881 5053 in
893 5004 1063 5053 orationibus
1077 5004 1107 5051 P.
1119 5000 1231 5051 Murena
1243 5001 1270 5050 et
1283 5000 1312 5049 P.
1324 4998 1433 5060 Archia,
1452 5000 1485 5049 cf.
1503 5012 1593 5062 supra,
1606 5013 1633 5062 p.
1653 5000 1691 5048 91.
