4467 6167
935 1460 1081 1530 CAPUT
1105 1461 1155 1528 lV

603 1675 744 1740 Summo
776 1671 918 1739 rollonis
943 1671 1101 1738 hactenus
1132 1671 1305 1760 expositae
1330 1668 1495 1759 repetitur

881 1790 984 1869 utque
1006 1776 1228 1846 concluditur.

536 2080 629 2147 Dum
648 2100 700 2159 ea,
729 2098 817 2166 quae
843 2074 888 2143 Μ.
919 2074 1056 2142 Tullius
1075 2073 1117 2144 de
1137 2074 1285 2164 singulis
1305 2072 1537 2163 philosophiis
1566 2073 1609 2143 ad

490 2185 628 2256 dicendi
656 2185 843 2252 utilitatem
873 2182 993 2251 relatis
1015 2184 1051 2249 in
1077 2184 1150 2251 suis
1181 2182 1223 2250 de
1244 2184 1386 2249 Oratore
1418 2180 1518 2249 libris
1549 2204 1610 2271 per
1675 2220 1678 2225 ·

491 2294 605 2361 Crassi
632 2292 835 2381 praesertim
864 2313 1047 2381 personam
1067 2290 1292 2371 disseruerat,
1311 2313 1371 2379 per
1398 2313 1456 2357 eos
1486 2289 1606 2367 libros,

489 2425 576 2492 quos
602 2406 721 2488 postea
740 2400 891 2489 scripsit,
909 2400 1168 2490 persequimur,
1184 2436 1223 2447 -
1239 2398 1350 2489 ipsam
1367 2398 1608 2488 perspeximus

487 2509 806 2578 constantissimam
833 2504 1062 2595 eamdemque
1085 2490 1319 2572 certissimam
1336 2505 1519 2581 rationem,
1539 2525 1608 2593 quo

489 2617 603 2684 omnis
634 2615 720 2683 haec
755 2614 916 2682 Tulliana
942 2612 1187 2704 philosophiae
1221 2612 1263 2680 ad
1292 2612 1527 2701 eloquentiam
1548 2611 1608 2677 ad-

483 2721 618 2813 junctio
644 2728 801 2813 spectare
831 2721 983 2788 videtur.
1014 2722 1136 2810 Neque
1168 2721 1263 2786 enim
1297 2720 1371 2786 sine
1411 2742 1515 2787 eausa
1549 2718 1608 2785 ille

488 2830 633 2897 Crassus
648 2853 668 2897 a
684 2828 849 2897 Cicerone
873 2826 1048 2910 inductus,
1070 2868 1114 2876 —
1135 2834 1172 2895 ut
1198 2828 1288 2893 inea
1308 2828 1479 2894 sermonis
1496 2833 1605 2916 parte,

488 2960 577 3028 quae
606 2935 648 3004 ad
671 2936 803 3026 copiose
822 2948 1007 3025 ornateque
1034 2933 1172 3002 dicendi
1200 2934 1468 3023 explicationem
1500 2956 1609 3001 reser-

390 3121 393 3126 ,
488 3051 567 3112 vata
600 3050 665 3127 est,
687 3044 929 3133 quaestionem
945 3042 986 3110 de
1010 3043 1175 3123 universa
1202 3040 1422 3131 philosophia
1442 3042 1538 3129 prius
1556 3041 1608 3105 in·

488 3152 644 3218 stitutam
656 3151 866 3239 repetiturus
879 3147 1606 3238 etadcertamvariarumphilosophiarum
1669 3198 1671 3203 -

488 3258 710 3326 selectionem
724 3258 950 3325 traducturus
966 3265 1029 3339 est,
1058 3297 1091 3305 -
1120 3258 1167 3323 ita
1190 3256 1344 3347 primum
1372 3255 1528 3344 opinioni
1548 3276 1606 3321 eo-

487 3387 566 3431 rum
598 3365 816 3447 adversatur,
840 3365 939 3453 «qui
963 3369 1132 3454 tanquam
1159 3362 1202 3430 ab
1222 3367 1339 3429 animo
1365 3384 1490 3450 corpus
1516 3361 1604 3428 sica

486 3473 669 3540 sententiis
687 3473 793 3539 verba
819 3470 1007 3561 sejungunt
1032 3474 1128 3559 (1)»,
1150 3472 1237 3538 Nam
1258 3469 1351 3559 quod
1371 3468 1462 3535 idem
1480 3468 1512 3533 in
1541 3467 1605 3535 hac

488 3581 563 3669 ipsa
590 3579 826 3669 disputatione
858 3580 978 3646 statuit
1008 3608 1023 3640 (ι
1041 3601 1209 3646 crimmum
1229 3575 1366 3644 leudem
1393 3575 1605 3664 eloquentiae

487 3708 562 3753 esse
578 3685 791 3774 amplificare
805 3683 879 3752 rem'
897 3684 1046 3752 ornando
1059 3686 1107 3774 (2)
1124 3714 1154 3763 »,
1177 3681 1349 3772 ejusmodi
1366 3682 1520 3771 profecto
1532 3705 1604 3748 am·

488 3792 737 3881 plificationem
756 3815 776 3859 a
798 3814 834 3858 se
854 3791 1094 3859 commendari
1113 3793 1199 3857 satis
1221 3790 1407 3879 significat,
1430 3811 1518 3879 quae
1534 3812 1603 3855 non
1646 3811 1650 3816 ·

488 3928 503 3960 «
520 3898 707 3965 verborum
722 3896 941 3965 volubilitate
959 3899 1056 3965 inani
1067 3899 1115 3985 (3)
1130 3928 1157 3977 n,
1174 3897 1233 3965 sed
1253 3925 1267 3958 α
1285 3918 1404 3963 rerum
1416 3898 1515 3986 copia
1529 3918 1604 3962 ver·
1645 3948 1647 3953 .

488 4004 611 4073 borum
629 4006 766 4095 copiam
789 4006 953 4096 gignente
969 4006 1017 4095 (l)
1036 4034 1051 4067 n
1078 4005 1251 4072 efficiatur
1273 4024 1280 4069 :
1303 4027 1345 4072 ex
1360 4025 1429 4093 quo
1454 4002 1603 4091 intelligi

488 4118 612 4202 potest,
633 4119 807 4180 oratorem
819 4113 861 4180 ad
872 4136 928 4181 eas
939 4120 1059 4181 ornate
1072 4114 1279 4203 copioseque
1293 4110 1429 4188 dicendi
1440 4111 1601 4190 virtutes,

486 4220 523 4284 in
548 4218 675 4309 quibus
704 4221 859 4286 maxima
885 4217 963 4285 laus
994 4219 1213 4308 eloquentiae
1236 4218 1456 4284 contineatur
1476 4217 1540 4306 (5),
1563 4238 1603 4283 θο

486 4328 631 4416 propius
651 4333 685 4393 et
704 4324 923 4393 commodius
945 4348 1168 4393 accessurum
1188 4348 1275 4409 esse,
1302 4322 1395 4412 quod
1420 4324 1457 4389 in
1472 4346 1512 4390 ea
1532 4346 1603 4390 ma·

515 4545 547 4607 (Ι)
565 4545 603 4593 De
618 4544 730 4604 cr.‚111‚
747 4547 776 4593 24
791 4544 829 4608 (et
843 4546 891 4604 19).
907 4542 945 4592 ΙΙΙ.
960 4556 1049 4608 supra,
1066 4558 1124 4606 cap.
1137 4545 1156 4601 Ι,
1171 4558 1196 4606 p.
1212 4543 1250 4600 18,
1261 4556 1288 4591 n.
1303 4544 1325 4591 2.

517 4616 550 4678 (2)
563 4617 601 4665 De
619 4616 674 4675 Or.,
690 4616 736 4675 ΙΙΙ,
748 4618 801 4666 104.

516 4687 548 4750 (3)
565 4688 605 4736 Ita
616 4687 803 4752 loquituripse
819 4688 910 4736 Cicero
923 4687 951 4734 in
966 4686 1115 4750 prooemio,
1132 4687 1151 4743 Ι,
1169 4687 1196 4734 ΙΙ
1215 4684 1262 4747 (Cf.
1276 4687 1325 4748 20).

515 4758 547 4820 (4)
565 4759 601 4807 De
619 4759 673 4817 Or..
688 4759 734 4817 111,
762 4761 824 4819 1253
849 4786 879 4793 -
899 4757 935 4806 Cf.
965 4759 1051 4818 1211«
1079 4757 1271 4821 complendum
1299 4760 1393 4822 pectus
1422 4760 1602 4808 maximorum

485 4843 573 4879 rerum
586 4831 698 4893 copia...
714 4832 746 4891 nt,
762 4833 788 4879 et
802 4831 847 4878 142
860 4830 883 4890 (o
895 4830 1002 4893 copiam
1015 4843 1106 4879 rerum
1120 4829 1303 4892 orationisque
1318 4831 1350 4891 n).
1364 4829 1437 4878 —Cl
1451 4830 1533 4879 etiam
1547 4831 1601 4878 An-

484 4901 591 4950 tonium
606 4901 634 4950 in
649 4901 717 4951 libro
729 4902 748 4961 l,
765 4904 810 4950 250
824 4903 946 4965 (cap.59),
963 4904 989 4950 et
1002 4902 1035 4961 ΙΙ,
1049 4902 1102 4951 146.

517 4973 549 5034 (5)
565 4971 603 5021 of.
619 4974 658 5022 De
671 4973 726 5031 Or,
742 4974 787 5032 Ill,
801 4975 839 5023 52.
