4467 6167
1020 872 1197 939 ..51-

549 1034 633 1103 orba
649 1036 684 1103 in
711 1037 787 1126 ipsa
802 1036 946 1105 Graecia
978 1037 1024 1126 (1)
1043 1062 1059 1103 n
1078 1038 1168 1106 facta
1195 1044 1293 1106 erat:
1316 1062 1422 1130 quam
1443 1041 1669 1133 disciplinam

486 1226 490 1232 ²
549 1164 630 1210 cum
647 1170 664 1208 a
680 1143 862 1209 dimissam
878 1165 1040 1228 revocare
1057 1145 1104 1234 (2)
1123 1173 1138 1205 »
1156 1168 1192 1213 se
1204 1146 1308 1236 paulo
1326 1154 1401 1236 post
1415 1150 1593 1238 professus
1609 1152 1667 1234 sit,

550 1253 625 1314 tum
640 1247 695 1315 vel
716 1248 869 1315 maxime
884 1271 920 1316 re
931 1249 1195 1331 demonstravit,
1213 1277 1228 1315 c
1251 1274 1330 1319 cum
1347 1252 1412 1320 hoc
1425 1254 1669 1345 philosophiae

550 1374 689 1441 genere,
706 1352 799 1444 quod
814 1355 889 1446 ipse
906 1365 1123 1446 sequeretur,
1142 1380 1305 1447 magnam
1321 1381 1397 1427 esse
1412 1361 1543 1428 oratori
1559 1364 1668 1431 socie-

549 1466 656 1528 tatem
678 1488 694 1523 »
717 1460 778 1551 (3).

1101 1775 1122 1828 V

578 1984 671 2065 ¹lam
685 2006 769 2052 vero
784 1984 821 2050 in
836 1983 886 2051 eis
910 1982 1024 2066 libris,
1043 2006 1130 2074 quos
1150 1984 1191 2053 ad
1218 1985 1308 2053 hanc
1324 1986 1594 2077 philosophandr
1615 2011 1667 2057 ra·

548 2091 680 2158 tionem
699 2091 907 2181 composuit,
925 2113 986 2181 per
1000 2092 1112 2182 ipsam
1127 2092 1348 2181 singularum
1364 2094 1667 2184 philosophiarum

549 2198 817 2287 explicationem
836 2220 905 2265 non
928 2199 1036 2266 semel
1063 2200 1099 2266 in
1120 2201 1335 2268 occasionem
1352 2200 1484 2279 incidit,
1501 2207 1540 2268 ut
1558 2203 1594 2267 in
1619 2203 1668 2269 eis

548 2304 590 2373 ad
611 2306 758 2372 oratoris
782 2305 953 2372 rationem
973 2304 1137 2372 similiter
1157 2313 1261 2395 atque
1281 2313 1382 2374 antea
1407 2307 1598 2375 referendis
1613 2307 1668 2375 vel

549 2412 704 2479 acutiora
722 2416 871 2478 notaret.
888 2410 993 2478 Velut
1011 2410 1265 2499 Epicureorum
1281 2433 1391 2501 genus
1410 2438 1426 2478 c
1449 2415 1594 2481 minime
1609 2436 1668 2504 ap-

547 2524 623 2585 tum
643 2516 887 2585 addicendum
903 2516 950 2607 (i)
968 2540 985 2582 n
1008 2516 1074 2583 sibi
1091 2517 1202 2584 videri
1216 2518 1390 2607 significat
1410 2542 1480 2586 non
1505 2518 1608 2587 modo
1624 2519 1667 2587 ob

547 2648 624 2691 eam
642 2646 783 2694 causam
797 2663 841 2673 —
860 2646 966 2713 quam
983 2624 1017 2689 in
1039 2624 1141 2690 tertio
1161 2622 1202 2689 de
1222 2625 1363 2691 Oratore
1384 2625 1473 2693 libro
1490 2630 1539 2712 (5)
1556 2627 1666 2694 solam

548 2730 712 2799 afferebat
726 2770 770 2780 -
785 2730 878 2821 quod
895 2730 947 2796 illi
962 2728 1005 2797 ab
1020 2731 1114 2796 omni
1136 2730 1251 2799 officio
1270 2732 1366 2798 civili
1381 2733 1434 2799 vel
1453 2734 1557 2799 etiam
1573 2734 1666 2802 virili

547 2843 754 2927 repugnent,
772 2835 833 2904 sed
848 2837 952 2903 etiam
967 2843 1151 2927 propterea
1164 2835 1255 2926 quod
1272 2838 1383 2927 ipsius
1397 2839 1539 2929 Epicuri
1552 2862 1668 2908 exem-

548 2946 645 3035 plum
660 2946 769 3013 secuti
783 2951 815 3011 et
831 2943 999 3010 orationis
1014 2951 1218 3010 ornamenta
1234 2945 1419 3033 neglegant
1439 2945 1486 3035 (6)
1502 2953 1535 3012 et
1554 2946 1666 3035 ipsam

548 3081 564 3115 o
581 3049 774 3119 disserendi
790 3051 999 3139 elegantiam
1018 3077 1033 3109 »
1046 3057 1269 3117 contemnant
1282 3051 1341 3140 (7).
1363 3052 1570 3120 Academiae
1584 3076 1667 3121 vero

546 3159 734 3225 oratoriam
772 3156 1013 3225 excellentiam
1042 3156 1194 3223 maxime
1231 3156 1448 3246 amplificans
1488 3158 1666 3226 invenitur

546 3266 646 3333 initio
666 3265 782 3356 quarti
800 3263 843 3330 cle
861 3262 1007 3330 Finibus
1018 3261 1099 3329 libri
1115 3263 1174 3350 (8),
1197 3262 1255 3329 ubi
1274 3264 1398 3333 Stoicis
1413 3287 1432 3331 a
1448 3264 1576 3335 Catone
1592 3266 1665 3333 lau-

465 3410 468 3414 ·
546 3372 635 3440 datis
661 3371 908 3461 Peripateticos
927 3376 1133 3458 veteresque
1160 3371 1383 3439 Academicos
1398 3372 1543 3462 opponit
1563 3370 1665 3461 (quos

547 3477 689 3569 quidem
708 3499 777 3545 non
802 3475 905 3543 modo
933 3473 975 3543 ad
1003 3477 1174 3543 oratoriae
1204 3478 1448 3556 institutionis
1478 3477 1664 3545 sedetiam
1752 3526 1754 3529 -

545 3587 588 3653 ad
603 3586 745 3654 moralis
761 3584 939 3651 doctrinae
952 3583 1123 3650 rationem
1144 3606 1224 3651 eum
1241 3585 1277 3650 in
1297 3586 1374 3676 ipsa
1389 3585 1502 3653 Crassi
1518 3585 1572 3651 sui
1593 3584 1664 3652 dis-

543 3694 723 3784 putatione
732 3690 806 3782 jam
826 3692 874 3757 ita
896 3689 1168 3779 conjungentem
1191 3689 1358 3781 vidimus)
1380 3690 1445 3781 (9),
1467 3691 1509 3758 ad
1524 3711 1663 3758 eorum-

544 3823 612 3891 que
624 3798 760 3867 dicendi
775 3800 923 3867 virtutes
947 3797 1190 3887 exprimendas
1206 3799 1319 3887 ipsam
1346 3799 1418 3866 fere
1444 3799 1573 3865 summi
1591 3820 1665 3865 ora-

542 3909 627 3975 toris
655 3905 843 3974 definiendi
862 3904 1064 3988 formulam,
1086 3925 1192 3993 quam
1218 3906 1254 3971 in
1283 3928 1346 3973 suo
1382 3908 1526 3973 Oratore
1555 3903 1661 3972 modo

457 4092 459 4095 y
543 4012 750 4106 protulerat,
762 4017 919 4103 repetere
935 4008 1074 4077 videtur
1094 4028 1101 4078 :

573 4240 607 4304 (1)
622 4240 682 4304 lpse
695 4240 786 4289 Cicero
804 4238 843 4287 ita
853 4237 983 4301 loquitur,
994 4236 1032 4283 De
1044 4234 1104 4284 Nat.
1115 4234 1188 4281 deor.
1198 4233 1218 4291 l,
1230 4234 1268 4293 ll,
1281 4244 1346 4281 nam
1361 4231 1432 4295 quod
1445 4245 1505 4281 eam
1518 4230 1596 4295 «jam
1606 4232 1663 4295 pri·

543 4312 602 4361 dem
615 4312 740 4361 relictam
755 4325 767 4356 t
795 4322 855 4359 esse
870 4308 982 4371 quidam
997 4306 1123 4356 dicebant
1138 4303 1185 4367 (Cf.
1205 4302 1281 4361 ibid,
1295 4303 1328 4366 6),
1342 4302 1369 4353 id
1391 4303 1482 4367 ipsum
1497 4317 1513 4352 a
1536 4302 1662 4351 Cicerone

483 4441 486 4446 .
542 4382 681 4433 refellitur.

573 4455 606 4517 (2)
622 4453 660 4504 Cf.
673 4453 758 4503 Acad.
773 4452 857 4516 prior.
873 4451 908 4508 ll,
924 4451 963 4498 11.

574 4527 606 4589 (3)
624 4526 700 4575 Sicut
710 4524 830 4587 loquitur
841 4521 985 4581 Cicer-offla
998 4520 1074 4577 Fato,
1087 4521 1112 4583 3.
1365 4567 1372 4579 ,

573 4598 611 4660 (1)
627 4598 701 4647 Sicut
715 4595 780 4645 dicit
792 4595 821 4643 in
835 4594 919 4641 Bruto
936 4594 1001 4654 (131)
1015 4590 1047 4640 de
1063 4591 1094 4641 T.
1122 4588 1244 4647 Albucio,
1261 4603 1274 4639 c
1292 4588 1414 4654 perlecto
1430 4588 1561 4653 Epicureo
1576 4606 1598 4646 ιι,
1621 4586 1662 4637 lc-

580 4682 636 4718 ens.

542 4682 606 4803 qllt)
621 4741 704 4800 63-61,
718 4737 762 4796 ct,
776 4750 867 4801 supra,
882 4739 895 4795 5
912 4735 935 4793 l,
947 4748 974 4798 p.
991 4736 1030 4783 38.

573 4812 605 4875 (6)
621 4810 660 4861 (11.
676 4809 819 4868 DeFinib„
837 4808 856 4865 1,
870 4807 908 4855 11.

544 4931 546 4934 .
573 4883 605 4946 (l)
621 4878 872 4938 ct.1)ertnto.‚11,
888 4880 927 4936 2¹1,
939 4879 966 4926 et
982 4876 1098 4941 passim.

574 4955 606 5018 (8)
620 4955 658 5001 De
670 4952 748 5002 Finit
763 4989 769 5010 ,
788 4952 830 5010 tv,
845 4951 928 5013 capt
942 4962 1002 5011 sqq.

572 5029 606 5088 (9,ι
620 5026 659 5075 De
673 5024 728 5084 0r.,
742 5023 788 5082 111,
804 5024 843 5082 cr,
857 5020 893 5071 cf.
913 5033 1004 5084 supra,
1020 5033 1046 5083 p.
1059 5021 1099 5067 39.
