4467 6167
1021 835 1199 899 „45-

529 979 534 985 ·
557 1000 707 1092 phorum
741 1001 933 1091 praeceptis
956 999 1101 1067 alternis
1139 997 1267 1066 scholis
1290 997 1482 1084 junxissea
1508 996 1673 1066 Cicerone

556 1106 757 1197 diciturill.

1088 1464 1127 1519 lll

600 1684 657 1753 Sic
676 1691 836 1751 tenemus
857 1683 1079 1772 praecipuam
1106 1682 1290 1766 rationem,
1323 1702 1385 1747 cur
1411 1678 1454 1746 ad
1482 1679 1670 1747 oratoriam

556 1790 814 1858 institutionem
826 1790 1048 1878 Peripatetici
1062 1795 1166 1878 atque
1182 1786 1380 1855 Academici
1396 1786 1498 1853 simul
1516 1786 1672 1853 aCrasso

557 1896 730 1964 Ciceronis
744 1896 933 1985 interprete
958 1894 1124 1963 reservati
1140 1894 1220 1961 sint.
1253 1892 1305 1960 Ad
1325 1917 1399 1962 rem
1429 1894 1609 1976 nimirum,
1631 1894 1673 1961 dc

556 2024 625 2091 qua
650 2002 865 2092 quaerimus,
892 2002 1037 2069 minime
1052 1999 1236 2084 referebat,
1268 2000 1494 2068 Carneadiam
1520 2000 1672 2089 philoso-

556 2106 687 2197 phandi
720 2108 937 2175 rationema
969 2108 1199 2197 Peripatetica
1215 2107 1263 2173 ita
1285 2106 1498 2190 discessisse,
1529 2105 1674 2174 utillud
1713 2157 1715 2162 ‚

557 2241 573 2275 «
603 2213 645 2281 dc
664 2212 828 2281 omnibus
847 2212 950 2280 rebus
974 2214 1011 2280 in
1044 2219 1227 2302 utramque
1261 2220 1394 2302 partem
1415 2211 1527 2281 dicere
1545 2242 1560 2276 n
1583 2213 1675 2304 apud

556 2320 805 2411 Peripateticos
838 2322 978 2388 nonnisi
1014 2319 1266 2387 exercitationis
1311 2342 1415 2387 causa
1452 2326 1556 2410 atque
1604 2322 1675 2389 fere

557 2435 653 2496 extra
685 2429 799 2518 ipsam
831 2450 953 2495 eorum
985 2427 1181 2495 doctrinam
1215 2428 1414 2494 institutum
1452 2434 1555 2511 osset,
1590 2429 1675 2496 Aca·

556 2535 682 2603 domici
702 2557 785 2602 vero
819 2534 979 2603 adhunc
1015 2533 1159 2603 modum
1196 2563 1210 2596 α
1233 2543 1353 2602 contra
1379 2556 1482 2601 omne
1520 2535 1673 2625 proposi-

556 2649 633 2711 tum
653 2642 846 2710 disserendi
872 2670 887 2703 »
905 2664 1079 2709 summam
1096 2642 1168 2710 fere
1183 2642 1293 2731 ipsius
1314 2641 1555 2732 philosophiae
1573 2643 1675 2710 ratio-

559 2774 637 2818 nem
672 2749 909 2839 redegissent:
932 2750 974 2817 ad
994 2750 1182 2817 oratoriam
1210 2750 1364 2838 profecto
1397 2751 1617 2841 disciplinam
1640 2753 1676 2818 in

559 2864 705 2946 utroque
721 2878 848 2945 genere
864 2856 986 2924 eadem
1013 2856 1084 2923 fere
1106 2857 1217 2924 virtus
1238 2854 1285 2945 (2)
1303 2879 1369 2924 non
1385 2864 1516 2926 temere
1530 2862 1677 2948 poneba-

557 2971 625 3031 tur.
647 2964 763 3054 Atque
791 2963 875 3031 dum
895 2962 938 3031 ad
958 2962 1131 3054 ejusmodi
1152 2964 1304 3030 maxime
1324 2963 1510 3032 utilitatem
1531 2966 1675 3034 Crassus

557 3094 597 3139 ea
618 3077 820 3139 convertere
839 3070 989 3157 videtur,
1010 3092 1099 3160 quae
1112 3068 1154 3136 de
1167 3069 1390 3160 philosophia
1416 3070 1459 3138 ad
1481 3073 1673 3140 oratorium

556 3199 660 3244 usum
679 3175 917 3267 cognoscenda
932 3177 1088 3267 primum
1108 3183 1329 3267 exposuerat,
1352 3178 1455 3267 plane
1468 3201 1674 3247 evanescere

555 3283 785 3373 intelligimus
809 3282 908 3365 illud,
935 3284 1026 3372 quod
1060 3283 1212 3350 maxime
1246 3283 1289 3351 ab
1317 3284 1470 3352 Antonio
1497 3284 1671 3376 objectum

555 3397 628 3458 erat
642 3390 704 3481 (3),
725 3392 855 3458 nonita
868 3390 1020 3458 multum
1040 3390 1145 3480 spatii
1165 3389 1301 3457 dicendi
1335 3390 1500 3458 studiosis
1517 3390 1672 3476 concedi,

555 3505 592 3566 ut
616 3496 905 3587 philosophorum
932 3497 1060 3565 scholis
1081 3496 1115 3564 id
1139 3498 1306 3587 temporis
1328 3499 1541 3588 impertiant,
1578 3497 1671 3588 quod

555 3603 707 3694 propriis
736 3605 882 3671 oratoris
901 3603 1195 3671 exercitationibus
1216 3605 1331 3693 potius
1357 3605 1582 3694 tribuendum
1602 3606 1674 3674 sit:

540 3709 617 3800 ¹qui
637 3710 731 3777 enim
747 3711 986 3800 Peripateticis
1005 3717 1065 3779 ant
1084 3710 1301 3779 Academicis
1321 3735 1357 3779 se
1381 3712 1575 3794 tradiderit,
1594 3735 1675 3779 eum

556 3840 617 3907 per
633 3818 911 3885 exercitationem
930 3819 1060 3885 oratori
1083 3818 1307 3885 utilissimam
1322 3819 1415 3908 ipsos
1431 3820 1529 3903 locos,
1554 3842 1641 3910 quos
1656 3841 1676 3885 a

556 3947 593 3993 sa
606 3925 772 4015 petendos
785 3947 860 3993 esse
879 3948 1001 3993 omnes
1014 3924 1213 4016 philosophi
1227 3925 1448 4011 contendant,
1467 3934 1615 3995 tractare
1628 3928 1677 3994 ita

556 4030 747 4100 discentem
757 4032 929 4114 videmus,
958 4040 997 4100 ut
1012 4056 1055 4101 ne
1070 4032 1162 4122 apud
1175 4032 1406 4123 philosophos
1434 4033 1575 4125 quidem
1596 4023 1676 4123 pio-

556 4137 634 4229 pria
657 4138 753 4206 illius
769 4165 786 4201 «
797 4141 949 4229 operarii
966 4168 996 4224 n,
1014 4140 1056 4208 ad
1071 4162 1176 4229 quem
1191 4140 1365 4206 Antonius
1392 4149 1566 4209 oratorem
1584 4140 1674 4208 redi-

555 4250 669 4339 gebat,
691 4252 866 4319 institutio
904 4255 1195 4343 interrumpatur.
1226 4294 1253 4301 -
1289 4250 1441 4316 ltursum
1469 4254 1586 4316 autem
1614 4270 1676 4337 per

556 4356 672 4425 Crassi
691 4359 885 4427 orationem
905 4360 961 4430 rel
980 4360 1133 4427 maxime
1151 4357 1375 4447 percipimus,
1395 4378 1457 4422 cur
1486 4355 1565 4422 talis
1581 4355 1676 4421 utili-

554 4470 607 4532 tas
626 4463 670 4533 ab
690 4465 756 4533 hoc
789 4464 971 4533 doctorum
995 4488 1122 4555 genere
1139 4464 1307 4553 praestari
1335 4486 1403 4530 non
1421 4484 1523 4552 posse
1551 4462 1675 4558 existi-

554 4577 682 4658 metur,
700 4574 877 4663 quisnam
899 4596 916 4639 e
932 4572 1068 4641 dicendi
1083 4577 1195 4639 artem
1209 4596 1239 4654 a,
1258 4570 1403 4637 minutis
1419 4568 1561 4660 quidem
1578 4591 1677 4657 prae-

587 4785 620 4847 (l)
631 4784 669 4834 De
683 4784 739 4847 On,
752 4784 799 4846 lll,
814 4785 872 4845 ltin
888 4782 994 4833 Tacent.
1011 4782 1043 4843 ll,
1061 4780 1135 4844 sict.
1154 4793 1244 4844 supra,
1261 4792 1288 4843 p.
1304 4779 1353 4840 24).

586 4856 620 4919 (2)
636 4856 711 4906 Sicut
725 4855 823 4906 dicitur
834 4870 851 4906 a
863 4856 970 4914 Crasso,
984 4855 1021 4903 De
1039 4854 1082 4906 Or.
1100 4852 1146 4912 lll,
1158 4852 1187 4901 80
1204 4850 1252 4913 (Cf.
1272 4851 1357 4908 Tusa,
1374 4847 1407 4906 ll,
1426 4848 1460 4909 9).

555 4927 786 5063 qdiisisinDi-(ii'
803 4928 823 4987 l,
839 4928 963 4989 asc-nam
980 4925 1123 4989 dequibus
1138 4938 1163 4972 v.
1178 4935 1266 5016 supra,
1282 4935 1310 4986 p.
1323 4920 1361 4979 la,
1377 4920 1469 4977 n.10;
1488 4917 1526 4976 19,
1543 4929 1570 4965 11.
1586 4916 1597 4963 l
1613 4930 1619 4973 ;
1635 4915 1676 4963 at-
