4467 6167
1140 1208 1507 1287 ferentem,
1555 1208 1809 1299 quibus
1873 1231 1995 1299 per
2066 1209 2307 1277 civiles
2368 1210 2858 1299 occupationes
2919 1239 2947 1270 υ
3027 1210 3379 1280 subsiciva

1140 1321 1459 1405 tempora
1507 1340 1537 1379 1>
1582 1316 1677 1399 (1)
1724 1314 2025 1383 tribuere
2058 1338 2421 1406 nunquam
2453 1316 2945 1385 intermiserat.
2979 1317 3059 1384 Et
3090 1317 3375 1407 quidem

1139 1420 1269 1488 hoc
1294 1420 1463 1488 satis
1493 1443 1757 1488 novum
1786 1443 1935 1490 esse
1967 1421 2231 1501 debuit,
2273 1423 2630 1489 consulem
2675 1423 2908 1511 populi
2939 1426 3236 1505 romani,
3292 1466 3374 1476 —-

1071 1523 1081 1533 ”
1139 1549 1299 1595 cum
1330 1528 1481 1617 ipso
1506 1528 1812 1594 consulis
1844 1528 2072 1597 officio
2102 1529 2476 1597 adductum
2521 1552 2593 1596 se
2625 1528 2883 1597 diceret
2937 1531 3060 1620 (2),
3096 1537 3174 1597 ut
3211 1554 3369 1600 con-

1143 1635 1371 1701 sulem
1413 1633 1883 1723 designatum,
1944 1635 2027 1703 de
2066 1636 2335 1703 ambitu
2376 1659 2602 1716 reum,
2636 1638 2701 1702 in
2747 1639 3152 1726 quaestione
3211 1639 3375 1728 legi-

1139 1743 1309 1809 tima
1352 1740 1773 1817 defenderet,
1843 1782 1921 1791 -
1952 1743 2034 1809 ad
2078 1747 2451 1832 quamdam
2496 1742 2577 1810 de
2617 1742 3008 1811 Stoicorum
3062 1744 3372 1813 doctrina

1144 1872 1176 1913 c<
1228 1848 1537 1915 scholam
1585 1876 1612 1908 »
1667 1870 1947 1915 causam
1989 1850 2350 1917 traducere
2393 1851 2481 1940 (3)
2525 1856 2730 1940 atque
2771 1850 2852 1917 de
2917 1852 3016 1918 eis
3053 1880 3082 1913 «
3128 1851 3371 1919 verbo-

1140 1982 1294 2027 rum
1356 1959 1753 2050 praestigiis
1833 1989 1891 2040 »‚
1962 1957 2218 2048 quibus
2279 1956 2487 2024 Stoici
2551 1962 2827 2040 παράδοξα
2893 1981 3018 2025 sua
3090 1981 3371 2048 compo-

1138 2068 1462 2149 suissent,
1490 2088 1570 2133 ea
1599 2065 1967 2149 disserere,
1989 2065 2261 2154 quaein
2286 2071 2532 2152 quarto
2553 2071 2635 2132 de
2664 2064 2939 2130 Finibus
2967 2064 3145 2132 libro
3176 2105 3257 2115 —-
3287 2066 3370 2134 ad

1139 2173 1574 2242 subtiliorem
1608 2196 1773 2241 sane
1813 2172 2345 2263 explicationem
2388 2193 2710 2260 expressa
2751 2211 2838 2219 —
2865 2178 3177 2261 repetere
3214 2196 3366 2261 pos-

1136 2294 1246 2348 tea
1286 2279 1590 2370 potuerit
1635 2280 1746 2367 (4).
1815 2280 1969 2346 Non
2028 2300 2164 2367 quo
2214 2276 2425 2344 talem
2467 2277 3009 2365 disputationem
3066 2280 3366 2345 orationi

1137 2411 1300 2455 suae
1367 2388 1518 2453 sine
1558 2394 1746 2454 certa
1786 2387 2050 2453 ratione
2094 2385 2516 2451 inseruerit:
2585 2383 2749 2450 dum
2802 2385 2986 2449 enim
3057 2384 3362 2467 CatoniS,

1136 2517 1272 2584 quo
1331 2492 1807 2560 subscribente
1857 2492 2211 2581 Sulpicius
2253 2492 2612 2557 Murenam
2672 2489 3058 2570 accusabat,
3127 2497 3365 2559 aucto·
3411 2561 3415 2566 ,

1137 2604 1412 2668 ritatem
1445 2602 1536 2667 ita
1571 2602 1888 2667 minuere
1939 2598 2273 2678 tentabat,
2320 2605 2395 2663 ut
2451 2619 2611 2663 eum
2654 2596 2737 2663 ad
2783 2619 3024 2663 omnes
3070 2599 3364 2666 virtutes

1132 2723 1380 2774 natura
1418 2706 1563 2796 ipsa
1592 2706 1853 2773 factum
1872 2728 2021 2773 esse
2049 2711 2477 2793 agnosceret,
2508 2726 2734 2794 neque
2774 2705 2845 2770 in
2876 2726 2956 2771 eo
2980 2704 3365 2794 quidquam

1132 2814 1519 2905 vituperari
1580 2836 1781 2904 posse
1834 2813 1973 2879 nisi
2035 2809 2218 2901 quod
2261 2810 2344 2879 ad
2386 2810 2686 2878 durioris
2709 2810 3054 2877 doctrinae
3111 2812 3360 2878 vitium

1133 2922 1376 2989 referri
1416 2919 1695 2988 deberet
1733 2920 1855 3009 (ὃ),
1892 2960 1973 2970 ——
2006 2920 2441 2987 occasionem
2466 2939 2732 2992 eorum,
2771 2939 2947 3006 quae
2989 2917 3072 2984 de
3114 2918 3363 2985 Stoicis

1131 3028 1487 3111 disseruit,
1532 3029 1603 3094 in
1638 3029 1787 3117 ipsa
1844 3048 2053 3094 causa
2087 3024 2484 3094 inveniebat
2531 3044 2544 3091 :
2592 3023 2706 3091 sed
2780 3024 2964 3114 quod
3022 3048 3102 3091 ea
3168 3047 3354 3093 occa-

1130 3137 1342 3221 sione,
1387 3136 1567 3202 sicut
1595 3135 1779 3215 fecit,
1825 3156 1995 3201 usus
2036 3139 2163 3218 est,
2208 3131 2275 3198 id
2309 3132 2592 3215 oratori,
2639 3152 2776 3197 non
2811 3152 3085 3211 causae,
3131 3132 3358 3221 impu·

1127 3239 1415 3307 tandum
1456 3247 1581 3308 est.

1217 3347 1351 3428 Qui
1381 3354 1613 3414 autem
1647 3354 1711 3413 et
1742 3346 2061 3436 perhanc
2101 3347 2326 3437 ipsam
2378 3347 2648 3413 Stoicae
2676 3343 3086 3433 disciplinae
3131 3367 3358 3431 repre.-

1129 3456 1537 3522 hensionem
1614 3453 2094 3540 inducebatur,
2161 3460 2244 3521 ⁴ut
2310 3454 2669 3534 fateretur,
2738 3482 2764 3510 «
2817 3473 2888 3517 se
2947 3473 3222 3539 quoque
3287 3452 3354 3515 in

1123 3563 1593 3630 adulescentia
1639 3560 1950 3628 diffisum
1980 3562 2262 3648 ingenio
2327 3584 2451 3628 suo
2479 3564 2906 3651 quaesivisse
2955 3562 3357 3651 adjumenta

1124 3669 1473 3736 doctrinae
1512 3694 1537 3727 n
1568 3667 1757 3757 (nam
1792 3668 2207 3735 Academiae
2238 3668 2586 3738 doctores:
2622 3676 2698 3737 ut
2740 3701 2766 3729 u
2804 3693 2966 3736 suos
3014 3698 3066 3749 »‚
3103 3669 3354 3735 Stoicis

1124 3774 1540 3866 opponebat)
1588 3774 1713 3863 (6),
1758 3782 1821 3841 et
1872 3798 2052 3841 anno
2087 3763 2238 3864 post
2281 3776 2346 3840 in
2400 3775 2694 3843 Archiae
2737 3798 2945 3842 causa
2987 3773 3161 3840 hanc
3202 3797 3354 3863 pro-

1121 3883 1494 3949 fessionem
1522 3882 1831 3971 apertius
1869 3881 2181 3948 iterando
2218 3912 2244 3939 «
2294 3882 2521 3949 studia
2563 3883 3025 3950 humanitatis
3060 3906 3093 3947 ι)
3131 3881 3224 3971 (7)
3259 3882 3355 3947 ita

1122 3988 1446 4055 laudabat
1482 3986 2056 4077 defendebatque,
2101 3994 2178 4055 ut
2224 4011 2329 4070 ea,
2364 4011 2541 4077 quae
2582 3989 2663 4056 de
2709 3990 3032 4056 universa
3069 4013 3100 4052 a
3146 3986 3352 4055 bona-

1122 4117 1279 4163 rum
1332 4096 1588 4161 artium
1666 4123 1695 4158 n
1758 4094 2081 4161 societate
2158 4096 2252 4179 (8)
2322 4094 2603 4174 diceret,
2672 4094 2753 4161 ad
2831 4094 3348 4185 philosophiam

1180 4329 1247 4390 (1)
1278 4328 1346 4377 Ut
1371 4327 1567 4377 dicitur
1593 4328 1668 4376 De
1700 4326 1893 4390 Leyib.,
1930 4328 1967 4385 l,
2001 4330 2045 4376 9.

1182 4399 1247 4461 (2)
1282 4398 1355 4449 Cr.
1388 4401 1445 4447 P.
1480 4400 1722 4455 Murena,
1746 4402 1772 4445 4
1798 4400 1846 4446 5.

1186 4472 1249 4532 (3)
1283 4471 1339 4518 Ρ.
1363 4470 1601 4528 Murena,
1631 4471 1795 4528 58-66,
1826 4496 1881 4504 -
1906 4471 2066 4530 atque
2092 4484 2299 4532 rursus,
2334 4474 2506 4521 74-77.

1188 4543 1251 4604 (4)
1283 4540 1358 4590 Cf.
1382 4543 1457 4590 De
1480 4541 1674 4592 Finib..
1708 4542 1792 4599 IV,
1817 4543 1874 4589 74
1907 4554 2024 4603 sqq.
2055 4555 2066 4587 ε
2098 4541 2279 4591 Cicero
2321 4543 2509 4594 Catoni
2549 4545 2856 4594 Stoicorum
2872 4546 3103 4606 patrono
3129 4558 3348 4608 respon·

1121 4611 1211 4661 det
1237 4627 1247 4672 ;
1276 4615 1327 4662 et
1355 4614 1467 4676 ips·
1499 4613 1718 4675 quidem
1745 4614 1819 4660 ait
1850 4625 1905 4659 se
1955 4624 2066 4659 non
2099 4630 2121 4654 «
2150 4612 2319 4680 jocari
2364 4633 2405 4672 n,
2451 4616 2593 4664 sicut
2641 4631 2666 4665 «
2704 4615 2876 4664 isdem
2903 4613 2964 4663 de
3008 4614 3168 4663 rebus
3223 4629 3347 4664 cum

1116 4683 1396 4733 Murenam
1430 4684 1737 4734 defenderet
1769 4700 1821 4741 »3
1857 4680 1950 4731 sed
1981 4681 2047 4730 ad
2074 4683 2324 4733 camdem
2352 4687 2680 4736 sententiam
2712 4699 2927 4736 summa
2961 4684 3344 4749 disputationis

1120 4754 1221 4804 diri
1263 4759 1383 4805 itur.

1179 4769 1259 4880 (5)g
1276 4818 1351 4868 Cf.
1378 4819 1441 4866 P.
1479 4819 1721 4876 Murena,
1754 4820 1830 4867 60.

1180 4890 1243 4951 (6)
1276 4891 1332 4938 Ρ.
1362 4891 1604 4948 Murena,
1630 4891 1707 4939 63.

1179 4961 1243 5022 (7)
1272 4961 1357 5009 Sic
1383 4961 1581 5010 dicitur
1599 4962 1655 5009 in
1680 4976 1756 5010 or.
1781 4964 1839 5011 P.
1865 4966 2106 5022 Murena,
2130 4965 2207 5020 61,
2234 4964 2287 5011 et
2314 4961 2371 5010 P.
2398 4960 2614 5020 Archia,
2647 4965 2692 5012 3.

1176 5033 1241 5091 (8)
1269 5032 1344 5081 Cf.
1371 5033 1422 5080 Ρ.
1461 5032 1644 5090 strela,
1677 5036 1704 5080 2
1738 5050 1748 5092 ;
1780 5049 1806 5083 «
1838 5036 2051 5085 Etenim
2080 5047 2272 5083 omnes
2313 5035 2472 5091 arteS,
2504 5047 2641 5095 quae
2672 5035 2739 5083 ad
2763 5036 3160 5087 humanitatem
3189 5036 3345 5100 perti-

1109 5106 1258 5160 nent,
1289 5102 1493 5151 habent
1518 5103 1789 5165 quoddam
1826 5112 2115 5156 commune
2152 5104 2396 5154 vinclum
2421 5108 2474 5154 et
2521 5105 2676 5168 quasi
2728 5110 3049 5170 cognatione
3106 5107 3342 5170 quadam

1109 5173 1251 5222 inter
1281 5187 1337 5223 se
1359 5176 1723 5224 continentur.
1761 5196 1782 5218 »
