4467 6167
1020 848 1199 913 ...32-

558 1012 872 1106 [quemadmodum
892 1012 964 1079 fere
983 1012 1057 1101 ipse
1081 1012 1116 1077 in
1137 1012 1291 1079 Phaedro
1313 1012 1472 1079 Socrates
1496 1012 1679 1099 admonet,

554 1124 591 1189 in
611 1145 652 1190 ea
666 1128 751 1202 arte,
768 1142 874 1209 quam
890 1118 1088 1208 explicavit,
1111 1121 1226 1184 virum
1256 1118 1466 1207 prudentem
1481 1142 1551 1187 non
1563 1143 1680 1189 versa-

553 1236 673 1297 turum
694 1250 781 1308 esse,
794 1228 863 1293 uisi
878 1226 1047 1293 utomnia
1064 1226 1191 1315 potius,
1212 1250 1226 1289 n
1246 1247 1334 1313 quae
1354 1225 1420 1292 diis
1433 1232 1534 1315 grata
1555 1228 1627 1293 sint
1648 1252 1679 1307 o,

555 1358 618 1426 pro
641 1358 703 1401 sua
718 1333 882 1400 facultate
898 1338 932 1400 et
951 1331 1039 1398 dicat
1063 1338 1096 1399 et
1112 1332 1216 1398 faciat
1232 1332 1320 1422 llll:
1344 1372 1384 1381 -
1407 1333 1467 1400 sed
1489 1332 1566 1422 ejus
1584 1333 1680 1400 modi

554 1442 737 1510 sententiis
763 1439 1035 1529 haudquaquam
1049 1438 1206 1505 eamdem
1223 1440 1296 1505 vim
1315 1440 1430 1506 inesse
1450 1442 1681 1531 perspicuum

555 1556 607 1617 est
632 1554 738 1637 atque
759 1547 812 1613 illi
838 1554 1007 1635 angustae
1027 1547 1254 1635 concisaeque
1275 1547 1505 1636 disputationi
1525 1547 1682 1615 Socratis

553 1658 591 1723 in
619 1655 747 1743 Gorpr'a
772 1653 1056 1732 demonstrantis,
1079 1681 1095 1715 «
1123 1654 1267 1719 omnino
1300 1654 1375 1720 fieri
1401 1676 1473 1721 non
1501 1678 1618 1745 posse,
1642 1659 1682 1722 ut

554 1764 610 1831 vir
623 1762 757 1829 dicendi
784 1762 918 1852 peritus
939 1759 1111 1827 rhetorica
1130 1765 1249 1827 utatur
1274 1760 1402 1849 injuste
1432 1768 1465 1829 et
1485 1761 1571 1829 velit
1586 1762 1681 1853 inju-

554 1870 644 1936 riam
658 1869 770 1936 tacere
784 1867 832 1957 (2)
851 1895 880 1932 ».
912 1867 1004 1947 Quin
1033 1867 1151 1948 etiam,
1175 1865 1278 1934 simul
1305 1872 1408 1955 atque
1436 1867 1526 1936 hanc
1542 1870 1680 1959 sapien-

553 1978 623 2045 tiae
639 1998 718 2042 cum
730 1975 929 2065 eloquentia
940 1972 1219 2062 conjunctionem
1229 1974 1374 2040 Crassus
1387 1974 1565 2041 Ciceronis
1577 1977 1681 2043 inter·

555 2106 634 2174 pres
648 2083 683 2148 in
709 2082 812 2149 tertio
839 2079 880 2146 de
897 2083 1039 2147 Oratore
1056 2078 1143 2147 libro
1163 2085 1202 2147 ut
1226 2082 1377 2147 maxime
1398 2082 1590 2170 optandam
1623 2107 1682 2173 po-

555 2192 638 2275 suit,
669 2188 826 2278 ejusdem
851 2187 1123 2277 disputationem
1144 2209 1183 2254 eo
1207 2185 1331 2254 deduci
1352 2187 1525 2271 videmus,
1557 2195 1597 2257 ut
1622 2190 1680 2257 ille

555 2297 793 2385 SocrateS,qui
807 2317 884 2363 eam
900 2294 954 2362 vel
970 2294 1220 2382 augustissima
1234 2295 1366 2361 ratione
1381 2294 1681 2385 comprehendere

556 2406 591 2471 iu
624 2402 750 2492 Gorpr‘n
784 2402 935 2483 videtur,
962 2400 1053 2468 idem
1079 2402 1107 2467 is
1128 2401 1236 2467 fuisse
1264 2399 1411 2482 dicatur,
1447 2425 1509 2492 per
1534 2425 1682 2492 quema

558 2539 574 2573 «
601 2511 776 2601 sapienter
796 2508 1001 2576 sentiendi»
1022 2514 1096 2575 arte
1115 2530 1203 2575 ars«
1222 2507 1309 2575 bene
1329 2507 1467 2575 dicendi
1486 2537 1501 2571 »
1522 2550 1559 2560 -—
1578 2517 1682 2601 rupta

557 2618 672 2707 priore
694 2616 877 2704 utriusque
902 2614 1144 2704 conjunctione
1168 2653 1203 2663 -—
1225 2613 1411 2682 dissociata
1428 2616 1472 2683 sit
1500 2616 1549 2706 (3)
1566 2638 1572 2683 τ
1591 2640 1681 2707 quae

559 2745 676 2789 rerum
689 2722 822 2812 species
847 2719 976 2809 quibus
992 2719 1184 2787 rationibus
1201 2720 1398 2800 inducatur,
1422 2721 1462 2790 ad
1484 2746 1536 2810 ea,
1550 2725 1584 2789 in
1603 2725 1681 2814 qui-

560 2827 623 2894 hus
643 2848 837 2907 versamur,
856 2827 998 2892 omnino
1015 2827 1163 2915 pertinet
1174 2826 1463 2895 animadvertere.

603 2934 645 2999 Et
669 2932 810 3021 quidem
836 2932 895 2998 ille
922 2932 1065 2998 Crassus
1095 2955 1115 2998 a
1137 2934 1304 3000 Cicerone
1324 2934 1499 3016 inductus,
1535 2935 1682 3003 —dum

561 3063 634 3107 rem
648 3038 690 3105 ab
710 3062 750 3106 ea
772 3040 936 3107 Graeciae
961 3045 1069 3106 aetate
1086 3040 1219 3129 repetit,
1240 3064 1308 3130 qua
1330 3064 1441 3130 neque
1457 3042 1682 3132 philosophia

561 3169 673 3237 neque
694 3147 892 3236 eloquentia
922 3152 1085 3235 tanquam
1116 3168 1171 3213 ars
1188 3147 1242 3212 sui
1259 3149 1396 3215 conscia
1416 3149 1617 3229 exsistebat,
1639 3192 1682 3200 -

561 3277 638 3322 eam
652 3254 841 3343 pristinam
855 3254 913 3320 vix
936 3252 1176 3320 inchoatarum
1197 3254 1326 3320 artium
1348 3255 1605 3340 confusionem,
1624 3280 1682 3324 cu-

558 3359 616 3450 jus
635 3361 746 3449 gratia
779 3381 901 3425 omues
918 3359 990 3424 fere
1010 3365 1101 3426 artes
1114 3365 1219 3448 atque
1244 3360 1421 3429 doctrinae
1450 3363 1485 3429 in
1513 3386 1584 3430 uno
1606 3365 1681 3430 viro

562 3466 663 3533 facile
692 3465 857 3555 conjungi
885 3471 1037 3553 possent,
1068 3473 1102 3531 et
1131 3466 1271 3533 laudare
1301 3474 1333 3534 et
1358 3467 1556 3535 desiderare
1585 3469 1681 3538 vide·

565 3579 620 3639 tur
640 3572 700 3668 (t),
719 3569 864 3661 proinde
881 3570 982 3659 quasi
999 3592 1064 3636 uon
1081 3572 1304 3662 intelligeret,
1336 3581 1375 3641 ut
1396 3602 1412 3636 n
1434 3574 1682 3644 distributione

563 3682 714 3770 partium
734 3701 772 3745 ac
802 3678 1018 3768 separatione
1041 3679 1298 3768 magnitudines
1315 3704 1397 3749 sane
1417 3684 1546 3750 artium
1571 3682 1682 3751 demi-

563 3794 666 3854 nutas
682 3808 756 3853 esse
776 3786 825 3872 (5)
848 3813 877 3866 »,
901 3786 948 3851 ita
963 3807 1082 3851 earum
1103 3808 1389 3877 unamquamque
1413 3812 1484 3856 non
1497 3790 1572 3857 sine
1593 3794 1683 3879 ejus·

564 3892 656 3959 modi
673 3891 915 3959 distributione
935 3891 1131 3960 adolescere
1151 3895 1320 3982 potuisse.
1347 3896 1387 3962 In
1408 3919 1477 3985 qua
1510 3900 1684 3967 sententia

565 4021 605 4065 eo
621 3998 851 4088 progreditur,
868 4006 907 4065 ut
921 3997 963 4065 ad
976 3998 1085 4064 illos«
1108 4000 1282 4088 sapientes
1305 4026 1336 4083 u,
1355 4025 1442 4091 quos
1464 4009 1565 4072 vetus
1579 4004 1685 4071 Grae·

564 4104 618 4171 cia
632 4103 833 4193 jactaverat,
858 4111 1026 4194 tanquam
1053 4105 1148 4172 illius
1169 4108 1358 4195 permixtae
1379 4136 1393 4168 n
1415 4109 1591 4197 cogitandi
1607 4132 1684 4200 pro·

567 4210 971 4299 nuntiandiqucrationis
987 4212 1170 4302 »exempla
1183 4213 1494 4301 priscosRomanos
1506 4215 1684 4307 adjungat,

568 4464 720 4514 ornamenti
742 4464 885 4512 universae
898 4461 1032 4512 civitati...
1056 4480 1067 4504 n
1091 4489 1119 4496 —
1136 4462 1176 4511 (Il.
1202 4463 1239 4510 De
1253 4463 1417 4524 Inventione,
1432 4466 1452 4524 1,
1467 4468 1490 4524 5,
1519 4465 1551 4515 dc
1574 4466 1615 4517 eis
1638 4468 1685 4531 qui

569 4556 580 4580 n
597 4535 750 4597 eloquentia
765 4537 791 4582 et
804 4534 932 4596 privatim
947 4536 973 4582 et
987 4532 1093 4596 publice
1104 4534 1256 4583 abutuntur
1271 4552 1292 4582 o.

600 4609 631 4667 (l)
647 4604 762 4653 l'lraedr.
781 4607 825 4652 273
844 4605 863 4652 E
878 4607 985 4667 (graeca
1000 4603 1082 4652 verba
1093 4605 1235 4655 retulimus
1250 4621 1276 4669 p.
1288 4609 1326 4667 27,
1340 4621 1367 4657 n.
1384 4609 1417 4670 Ι).

601 4680 632 4738 (2)
652 4679 729 4736 (torp.
750 4679 793 4724 llll
823 4678 843 4724 Α
873 4693 878 4723 ;
902 4693 912 4720 r
932 4676 996 4747 ὁρᾷς
1019 4670 1112 4727 δὲκαὶ
1133 4676 1214 4735 αὐτὸς
1243 4676 1285 4730 ὅτι
1311 4675 1344 4730 αὖ
1367 4676 1558 4754 ὁμολογεῖται,
1574 4680 1621 4736 τὸν
1638 4681 1685 4755 ῥη-

568 4755 675 4829 τορικὸν
690 4753 820 4809 ἀδύνατον
834 4754 903 4807 εἶναι
916 4752 1017 4814 ἀδίκως
1034 4757 1153 4831 χρῆσθαι
1168 4760 1202 4829 τῇ
1218 4756 1352 4832 ῥητορικῇ
1364 4758 1410 4812 καὶ
1425 4757 1526 4814 ἐθέλειν
1541 4758 1645 4816 ἀδικεῖν
1658 4781 1683 4818 r.

552 4845 557 4855 '
601 4839 633 4897 (3)
648 4835 684 4885 (ΙΙ.
697 4838 734 4885 De
750 4836 794 4885 Or.
808 4835 853 4893 ΙΙΙ,
871 4837 953 4883 ὔῖ-ὅθ.

602 4911 634 4969 (tt
648 4907 713 4957 lbid.
728 4910 757 4956 56
773 4921 841 4970 sqq,
855 4909 900 4955 132
913 4920 971 4969 sqq.

601 4979 633 5041 tt)
650 4979 693 5029 Sic
707 4979 827 5043 loquitur
837 4977 949 5027 Crassus
965 4979 1001 5027 De
1015 4978 1059 5027 Or.
1071 4979 1116 5037 111,
1128 4983 1181 5030 132.
