4467 6167
1132 904 1312 970 „28-

668 1071 752 1162 quid
770 1073 860 1139 inter
887 1070 1037 1139 duorum
1072 1070 1291 1160 dialogorum
1311 1070 1463 1138 rationes
1490 1071 1640 1166 intersit,
1668 1096 1710 1140 ex
1745 1097 1786 1141 eo

663 1178 813 1267 judicari
843 1184 968 1267 potest,
997 1179 1089 1266 quod
1116 1178 1152 1244 in
1176 1177 1332 1244 Phaedro
1367 1177 1516 1245 Pericles
1550 1185 1591 1245 ut
1621 1201 1786 1264 summus

666 1293 782 1353 orator
801 1287 944 1352 omnino
971 1285 1131 1351 laudatur
1158 1286 1214 1370 ll),
1237 1284 1328 1351 idem
1353 1284 1388 1349 in
1419 1284 1549 1373 Gorgia
1574 1284 1692 1376 (atque
1713 1310 1786 1354 una

666 1414 746 1460 cum
771 1414 810 1459 eo
837 1391 1087 1459 Themistocles
1115 1392 1246 1481 aliique
1284 1393 1402 1481 magni
1428 1392 1510 1482 viri)
1537 1415 1608 1459 non
1640 1391 1785 1462 honoris

665 1522 769 1568 causa
783 1506 1090 1582 commemoratur,
1107 1498 1167 1565 sed
1185 1498 1411 1567 vehementer
1434 1498 1703 1589 reprehenditur
1720 1500 1782 1590 (2),

666 1606 757 1696 quod
777 1628 891 1695 neque
917 1606 1115 1695 eloquentia
1145 1627 1208 1672 sua
1222 1606 1457 1673 Athenienses
1488 1605 1651 1674 meliores
1672 1606 1786 1674 reddi-

665 1714 755 1782 derit
772 1736 883 1802 neque
903 1712 945 1780 ad
961 1714 1064 1781 talem
1080 1716 1241 1781 effectum
1263 1736 1302 1782 ea
1325 1713 1374 1780 uti
1393 1713 1579 1780 curaverit.

709 1822 772 1889 His
782 1823 829 1888 ita
843 1819 1355 1909 positis‚tacileestdijudicare,
1368 1819 1437 1887 utri
1453 1818 1685 1907 dialogorum,
1696 1842 1785 1910 quos

666 1930 828 2006 diximus,
851 1927 969 1994 Cicero
988 1933 1029 2006 ut
1051 1927 1136 1993 artis
1152 1947 1234 1992 suae
1250 1925 1369 1992 doctor
1384 1931 1416 1991 et
1431 1923 1591 1992 laudator
1611 1948 1647 1993 se
1668 1928 1785 2017 potius

665 2036 747 2105 dare
769 2034 938 2102 debuerit.
1028 2033 1070 2098 Et
1101 2032 1243 2121 quidem
1271 2032 1365 2121 ipsas
1390 2032 1554 2116 rationes,
1576 2032 1705 2121 quibus
1725 2034 1785 2102 ille

666 2141 858 2209 Socratesa
876 2139 1017 2205 Platone
1051 2137 1214 2203 inductus
1228 2158 1263 2203 se
1282 2135 1440 2203 Phaedro
1456 2137 1667 2227 persuadere
1694 2140 1785 2207 velle
1825 2170 1830 2180 ·

665 2248 859 2338 profitetur,
899 2274 913 2307 u
947 2265 1041 2325 eum,
1067 2243 1137 2309 nisi
1166 2240 1346 2308 commode
1379 2240 1660 2333 philosophetur,
1696 2268 1785 2314 nun-

665 2375 771 2443 quam
809 2351 926 2440 aliqua
953 2349 994 2417 de
1024 2371 1060 2415 re
1093 2345 1274 2413 commode
1308 2367 1382 2412 esse
1420 2346 1595 2416 dicturum
1614 2352 1666 2440 (3)
1697 2379 1726 2439 a,
1746 2353 1784 2419 in

666 2489 680 2520 α
697 2459 866 2527 oratorios
880 2456 1080 2528 »Ciceronis
1094 2453 1201 2521 libros
1216 2450 1403 2520 translatas
1417 2454 1630 2539 invenimus,
1648 2465 1784 2546 praeter

665 2587 827 2654 nauaque
844 2566 994 2632 maxime
1011 2568 1102 2628 hune
1119 2560 1297 2648 dialogum
1310 2558 1354 2626 ad
1370 2563 1582 2629 sententiam
1598 2564 1634 2631 in
1657 2564 1783 2656 Gorpio

665 2672 872 2761 «inplicatam
901 2668 1061 2737 accedere
1084 2668 1248 2735 vidimus
1274 2667 1363 2733 Nam
1389 2689 1433 2734 ne
1460 2667 1525 2736 hoc
1546 2670 1689 2759 quidem
1711 2694 1783 2739 ma-

668 2779 757 2844 riinn
775 2776 818 2843 nli
836 2776 894 2843 illo
915 2775 1066 2843 Socratis
1083 2775 1116 2838 in
1128 2773 1282 2841 Phaedro
1294 2772 1530 2864 disputatione
1547 2777 1666 2845 Cicero
1676 2777 1784 2846 disce·

665 2882 777 2952 delmi.
794 2881 885 2972 quod
903 2883 978 2971 ipsa
990 2879 1269 2948 consideratione
1290 2903 1421 2965 rerum,
1436 2882 1608 2971 inquibus
1621 2907 1683 2974 per
1698 2886 1781 2952 civi-

667 2995 752 3056 tates
770 2989 951 3055 hominum
963 2998 1137 3054 oratorem
1160 2988 1290 3054 versari
1312 2988 1424 3056 solere
1447 2987 1600 3072 videbat,
1622 2989 1781 3059 eoaddu·

664 3095 819 3168 ciilurtur,
838 3101 874 3162 ut
893 3095 1120 3179 existimaret,
1144 3122 1158 3153 (ι
1192 3095 1339 3161 oratoris
1363 3117 1506 3163 omnem
1521 3098 1695 3165 actionem
1710 3099 1781 3187 opi-

664 3201 830 3281 nionibus,
852 3224 920 3269 non
940 3200 1094 3281 scientia,
1121 3202 1292 3268 contineri
1310 3230 1325 3262 »
1342 3201 1393 3290 (t)
1414 3223 1421 3282 ;
1451 3201 1543 3291 quod
1569 3209 1686 3270 autem
1707 3204 1780 3293 ejus

668 3310 811 3375 rationis
831 3310 901 3376 vim
923 3308 1145 3397 praeteriisse
1165 3308 1316 3386 videtur,
1348 3330 1418 3397 qua
1438 3309 1597 3377 Socrates
1622 3311 1656 3376 in
1674 3311 1782 3378 Phoe-

666 3413 726 3480 dro
753 3415 952 3481 acutissime
981 3411 1136 3491 docebat,
1171 3414 1284 3501 ipsam
1310 3436 1429 3480 rerum
1460 3417 1642 3484 veritatem
1671 3418 1726 3485 vel
1750 3419 1780 3485 ei

664 3519 938 3609 cognoscendam
965 3542 1050 3599 esse,
1074 3520 1134 3608 qui
1159 3520 1341 3588 audientes
1362 3522 1449 3588 falsa
1465 3524 1539 3590 veri
1560 3525 1674 3613 specie
1688 3524 1781 3592 deci-

666 3651 747 3717 pere
781 3628 895 3709 vellet,
922 3627 1023 3694 -id
1056 3627 1204 3694 forsitan
1242 3628 1324 3695 huic
1354 3627 1622 3719 philosophandi
1656 3631 1780 3697 rationi

666 3736 817 3801 maxime
839 3735 1018 3823 assignare
1037 3734 1150 3815 liceat,
1168 3757 1274 3823 quam
1290 3743 1431 3802 secutus
1446 3736 1491 3802 M.
1513 3736 1663 3817 Tullius,
1681 3736 1778 3826 quasi

665 3838 844 3929 desperata
880 3839 1077 3928 cognitione
1106 3840 1203 3914 certi.
1230 3861 1301 3906 non
1327 3840 1421 3907 ultra
1443 3842 1515 3908 veri
1546 3842 1661 3909 simile
1687 3864 1781 3910 men-

667 3952 734 4012 tem
750 3945 939 4014 humanam
957 3945 1113 4035 progredi
1128 3968 1227 4035 posse
1244 3947 1422 4035 professus
1439 3949 1484 4014 sit
1510 3952 1558 4033 (5)
1576 3967 1583 4014 :
1606 3948 1649 4016 ad
1661 3971 1781 4039 quam·

665 4052 744 4118 dam
760 4060 851 4120 certe
868 4055 1014 4121 locorum
1039 4052 1293 4143 ephilosophia
1315 4053 1500 4122 ductorum
1522 4058 1779 4144 possessionem

667 4159 754 4226 hanc
770 4183 886 4227 veram
912 4160 1102 4246 scientium,
1121 4184 1224 4250 quam
1242 4161 1402 4229 Socrates
1429 4164 1558 4229 oratori
1577 4163 1632 4230 vel
1654 4164 1687 4229 in
1706 4163 1776 4250 opi-

664 4266 802 4334 nionum
819 4269 957 4354 regione
972 4270 1116 4335 omnino
1129 4270 1282 4336 versanti
1296 4276 1460 4358 tanquam
1475 4270 1701 4338 utilissimam
1724 4269 1782 4337 ad·

696 4523 728 4584 (1)
742 4523 779 4573 Gi.
795 4523 919 4583 Phaedr„
931 4527 977 4576 269
994 4529 1081 4577 E-aio.

694 4593 772 4655 (2)οΐ
804 4594 1060 4663 Gor9.,5151lsqq.

695 4664 779 4726 (alos.
796 4665 909 4716 Phaedr.
925 4670 988 4718 261:
1005 4690 1016 4713 κ
1077 4665 1196 4741 Φαῖδρον
1216 4669 1331 4735 πείθετε,
1350 4669 1387 4729 ὡς
1411 4667 1455 4723 ἐὰν
1481 4672 1518 4742 μὴ
1544 4672 1645 4732 ἱκανῶς
1671 4670 1781 4750 φιλοσο-

664 4745 749 4821 φήσῃ,
766 4743 828 4799 οὐδὲ
842 4747 931 4808 ἱκανός
947 4770 1013 4803 ποτε
1025 4747 1111 4822 λέγειν
1132 4742 1206 4803 ’ἔσται
1221 4750 1283 4823 περὶ
1304 4747 1433 4810 οὐδενός..
1451 4794 1457 4806 ,
1477 4773 1488 4801 n
1647 4742 1648 4745 Ἴ

696 4826 727 4885 (t)
745 4827 850 4876 Utimur
862 4829 948 4878 verbis
963 4831 1079 4880 Antonio
1096 4830 1233 4879 mundatis
1250 4832 1285 4878 lle
1300 4830 1343 4879 Or.
1358 4831 1390 4886 ll,
1406 4833 1443 4878 30.
1461 4830 1499 4881 Cs.
1517 4832 1589 4882 Socr.
1606 4833 1634 4882 in
1648 4833 1779 4892 Phaedro,

663 4897 705 4944 261
731 4897 798 4946 D-E.
818 4926 848 4934 -
871 4901 971 4949 Eiidem
987 4901 1040 4950 iero
1064 4902 1145 4951 modo
1167 4922 1177 4946 u
1201 4903 1315 4951 oratoris
1335 4901 1499 4951 actionem»
1520 4903 1693 4968 intelligebat
1710 4906 1782 4954 Aris-

663 4967 760 5016 totcles
776 4969 803 5017 in
819 4970 883 5019 miei
908 4972 964 5031 (lili.
983 4975 1001 5030 1,
1016 4988 1073 5037 cup.
1087 4975 1136 5028 Η,
1151 4974 1275 5036 passim).

695 5038 728 5098 (5)
747 5039 788 5093 Cl.
813 5041 928 5103 Tuscol„
941 5045 985 5103 lV,
999 5047 1038 5103 ³7,
1051 5048 1133 5108 atque
1144 5045 1211 5094 alios
1224 5045 1306 5094 etiam
1330 5045 1414 5093 locos.
