4467 6167
1011 823 1210 888 -lll-

582 990 671 1046 «Etsi
687 988 854 1046 enimsatis
879 988 909 1042 in
936 988 1001 1059 ipsa
1026 990 1210 1044 conscientia
1238 989 1430 1060 pulcherrimi
1458 989 1525 1044 laeti
1545 990 1661 1045 fructus

545 1084 618 1146 erat,
640 1084 740 1134 tamen
760 1074 879 1133 mortali
898 1074 1153 1131 immortalitatem
1166 1093 1227 1131 non
1244 1078 1373 1132 arbitror
1388 1093 1452 1132 esse
1466 1082 1661 1132 contemnen-

545 1168 613 1223 dam
630 1166 705 1240 (1).»

587 1339 686 1423 Nam,
719 1339 781 1429 qui
814 1345 853 1405 ut
883 1337 1111 1428 philosophus
1149 1344 1239 1405 recte
1260 1338 1555 1420 animadverterit,
1593 1364 1659 1408 non

546 1473 562 1507 r
581 1447 645 1514 viri
674 1445 878 1535 sapientis»
904 1466 991 1523 esse,
1015 1444 1056 1512 ad
1093 1473 1107 1503 u
1132 1444 1368 1512 multitudinis
1389 1444 1574 1513 arbitrium
1593 1475 1608 1508 »
1627 1469 1662 1513 se

542 1575 750 1642 componere
769 1559 814 1632 et,
839 1579 855 1612 ι(
868 1574 937 1618 non
963 1550 1048 1641 quid
1065 1552 1291 1619 verissimum
1315 1552 1370 1632 sit,
1394 1551 1453 1620 sed
1473 1551 1558 1643 quid
1578 1554 1663 1621 velit

542 1660 683 1748 vulgus,
705 1660 888 1749 exquirere
910 1686 926 1720 »
949 1658 1008 1747 (2),
1039 1698 1080 1707 -
1108 1658 1139 1725 θὶ
1167 1681 1249 1726 sane
1279 1658 1494 1726 commodius
1517 1660 1594 1740 fuit,
1624 1668 1663 1729 ut

544 1772 716 1833 oratorem
753 1768 959 1856 plerumque
998 1765 1046 1832 ita
1081 1764 1191 1854 loqui,
1225 1772 1391 1855 tanquam
1427 1767 1663 1834 multitudinis

543 1871 662 1961 opinio
691 1877 725 1938 et
743 1872 779 1937 in
808 1870 1048 1960 improborum
1077 1870 1260 1939 hominum
1290 1874 1545 1962 vituperatione
1563 1876 1608 1965 (3)
1631 1882 1665 1943 et

543 1978 579 2044 in
594 1976 865 2068 comprobandis
886 1983 976 2044 recte
992 1977 1091 2044 factis
1110 2000 1190 2045 cum
1211 1979 1335 2067 optimi
1351 1980 1520 2070 cujusque
1531 1981 1663 2070 judicio

544 2085 740 2151 consentire
772 2084 899 2151 soleret
924 2083 997 2173 (l);
1034 2083 1093 2151 sed
1123 2091 1238 2151 tamen
1267 2086 1302 2151 in
1336 2087 1514 2153 nonnullis
1534 2089 1663 2155 oratio-

543 2190 647 2259 nibus
660 2193 709 2279 (ὃ)
723 2213 798 2258 eam
814 2192 925 2280 ipsam
948 2218 962 2249 α
981 2214 1083 2259 verae
1102 2192 1264 2277 gloriae»
1282 2216 1301 2260 a
1331 2222 1346 2254 «
1363 2177 1523 2284 populari
1538 2196 1632 2263 fama
1645 2224 1660 2257 »

543 2298 803 2365 distinctionem
837 2296 1003 2365 adbibere
1042 2297 1191 2382 videtur,
1218 2323 1323 2390 quam
1340 2301 1376 2367 in
1405 2304 1507 2370 tertia
1538 2307 1659 2370 Trucu-

496 2470 498 2473 ,
544 2404 623 2471 lanu
637 2406 683 2495 (6)
703 2406 752 2472 sic
769 2405 980 2494 explicavit:

581 2586 659 2640 «Est
683 2586 763 2640 enim
788 2585 883 2656 gloria
908 2585 1003 2639 solida
1022 2585 1168 2655 quaedam
1184 2601 1232 2639 res
1254 2590 1284 2639 et
1298 2602 1447 2657 expressa,
1465 2604 1525 2643 non
1552 2589 1660 2644 adum-

544 2674 643 2741 brata;
666 2692 701 2730 ea
717 2679 760 2729 est
776 2674 969 2729 consentiens
983 2674 1047 2728 laus
1062 2674 1221 2742 bonorum,
1235 2675 1408 2747 incorrupta
1422 2694 1478 2731 vox
1493 2678 1567 2732 bene
1579 2679 1662 2750 judi-

544 2764 675 2818 cantium
696 2765 731 2819 de
752 2762 912 2818 excellenti
931 2764 1048 2829 virtute,
1068 2779 1103 2817 ea
1118 2764 1218 2818 virtuti
1249 2771 1368 2820 resonat
1387 2772 1530 2837 tanquam
1546 2768 1656 2840 imago.

544 2853 621 2917 Quae
637 2853 706 2923 quia
734 2857 814 2907 recte
837 2853 982 2906 factorum
1003 2851 1179 2923 plerumque
1208 2869 1307 2907 comcs
1331 2860 1384 2922 cst,
1413 2871 1474 2909 non
1502 2862 1546 2910 est
1574 2856 1661 2913 bonis

542 2942 610 2996 viris
623 2942 817 3013 repudianda.
832 2941 885 2996 llla
909 2948 1020 3007 autem,
1048 2957 1124 3011 quae
1153 2959 1184 2996 se
1212 2943 1276 3012 ejus
1302 2943 1490 2999 imitatricem
1509 2962 1573 3000 esse
1589 2946 1659 3013 volt,

543 3031 700 3085 temeraria
713 3036 802 3101 atque
826 3030 1049 3085 inconsiderata
1064 3035 1093 3085 et
1106 3030 1283 3101 plerumque
1299 3039 1489 3104 peccatorum
1502 3036 1659 3090 vitiorum-

543 3135 599 3190 que
612 3118 770 3188 laudatrix,
788 3120 865 3174 fama
879 3120 1040 3190 popularis,
1054 3119 1242 3174 simulatione
1264 3120 1428 3176 honestatis
1443 3122 1570 3177 formam
1596 3124 1661 3194 ejus

542 3207 853 3278 pulchritudinemque
869 3209 1043 3278 corrumpit.
1065 3230 1076 3259 u

586 3385 662 3465 Qua
686 3385 827 3474 quidem
862 3384 1083 3452 distinctione
1104 3385 1158 3452 vel
1172 3386 1275 3452 tacite
1291 3392 1471 3475 assumpta
1492 3392 1583 3453 recte
1597 3385 1657 3475 ju·

541 3491 653 3559 dicare
671 3492 796 3581 potuit,
814 3492 843 3558 si
864 3514 933 3581 qua
960 3490 1003 3558 ad
1036 3492 1169 3579 gloriae
1197 3490 1537 3558 commendationem
1555 3492 1657 3580 paulo

540 3597 691 3664 nimium
705 3596 876 3665 rhetorice
886 3598 1030 3683 diceret,
1048 3621 1088 3665 ea
1102 3621 1122 3665 a
1138 3598 1427 3688 philosophorum
1444 3600 1576 3665 ratione
1591 3621 1660 3665 non

571 3832 603 3893 (1)
614 3830 765 3896 Philippica
780 3832 811 3889 ll,
826 3833 880 3881 111.
892 3859 922 3868 -
932 3833 970 3880 De
980 3832 1029 3881 hac
1043 3847 1054 3879 a
1067 3832 1169 3895 gloriae
1187 3849 1197 3879 t
1211 3832 1417 3881 immortalitate
1427 3832 1478 3881 hoc
1491 3833 1551 3881 loco
1562 3834 1658 3895 agitur,

540 3916 621 3966 quam
642 3905 737 3952 eontra
758 3917 815 3951 non
843 3903 935 3965 magni
957 3901 1109 3952 taciendam
1124 3917 1184 3951 esse
1206 3903 1234 3950 in
1254 3902 1370 3953 libron
1397 3902 1555 3965 lteRepudl.
1571 3904 1659 3967 Scipio

541 3978 640 4023 docens
651 3973 790 4023 inducitur
803 3975 883 4036 (sicut
894 3988 975 4037 supro
987 3974 1162 4035 notavimus).
1178 4001 1209 4009 -
1223 3975 1259 4023 De
1275 3976 1372 4033 cetero,
1387 4002 1414 4009 -
1428 3973 1499 4036 quod
1513 3973 1546 4022 ud
1559 3974 1660 4024 Tullia·

539 4058 604 4094 nam
618 4046 651 4093 de
672 4044 761 4107 ploria
781 4046 945 4095 sententiam
960 4046 1067 4103 attinet,
1081 4045 1115 4094 cl.
1133 4046 1264 4105 Clraraux‚
1281 4065 1292 4089 «
1312 4045 1381 4105 Quid
1396 4046 1428 4093 de
1444 4044 1532 4108 pluria
1546 4047 1659 4095 senserit

541 4115 630 4165 Cicero
642 4136 654 4159 ι»
674 4115 764 4177 (1866).

572 4186 604 4249 (2)
623 4185 731 4235 Tuscul.
745 4187 776 4244 V,
793 4187 847 4235 lor.
868 4212 895 4221 —
910 4185 948 4235 Cl.
965 4188 1002 4235 De
1018 4186 1127 4250 Repulit.
1149 4188 1191 4245 Vl,
1208 4189 1256 4236 25:
1273 4204 1283 4232 1
1351 4187 1411 4236 Suis
1429 4190 1455 4237 te
1475 4190 1580 4250 oportet
1599 4188 1660 4239 ille·

540 4256 626 4306 cebris
641 4258 701 4321 ipsa
711 4258 798 4307 virtus
816 4258 906 4307 trahat
925 4257 958 4306 ad
974 4273 1068 4307 verum
1081 4258 1163 4308 decus
1180 4273 1185 4311 :
1203 4258 1265 4321 quid
1282 4258 1313 4308 de
1329 4262 1354 4308 te
1375 4259 1420 4308 alii
1433 4257 1588 4321 loquantur,
1608 4262 1660 4325 ipsi

539 4329 658 4388 videant,
673 4328 720 4378 sed
734 4328 983 4392 loquenturtamen
999 4350 1020 4377 u.

569 4404 603 4463 (3)
618 4400 655 4449 (11.
670 4415 710 4459 ea,
724 4414 793 4463 quae
803 4400 882 4449 initio
895 4400 977 4461 hujus
990 4401 1086 4464 capitis
1098 4402 1133 4463 (p.
1148 4402 1230 4461 86-81)
1246 4400 1277 4450 de
1290 4402 1435 4451 Pisoniano
1450 4404 1576 4452 diximus.

571 4472 603 4535 (1)
622 4471 697 4531 Quod
719 4475 810 4535 aperte
825 4473 985 4535 exprimitur
999 4473 1028 4520 in
1048 4471 1166 4535 Philipp.
1185 4474 1202 4531 1,
1225 4476 1270 4521 29:
1293 4494 1303 4515 «
1321 4475 1369 4522 Est
1384 4478 1476 4523 autem
1499 4474 1585 4537 gloria
1601 4475 1659 4524 laus

539 4546 610 4592 recte
619 4544 752 4593 laetorum
765 4556 980 4606 magnorumque
988 4545 1015 4591 in
1025 4544 1221 4606 rempublicam
1229 4545 1397 4603 meritorum,
1410 4560 1478 4609 quae
1490 4560 1552 4595 cunr
1563 4547 1658 4609 optimi

540 4616 680 4677 cujusque,
694 4618 753 4664 tum
768 4616 849 4663 etiarn
866 4614 1050 4664 multitudinis
1064 4616 1221 4665 testimonio
1237 4618 1437 4680 comprobatur.
1455 4638 1466 4661 υ

571 4689 603 4748 (5)
621 4688 660 4737 Cl.
675 4688 704 4735 P.
722 4686 814 4745 Sestio,
838 4688 900 4736 139:
926 4687 1099 4735 umbonum
1127 4686 1228 4736 lernam
1251 4689 1395 4746 bonorum,
1424 4703 1492 4752 quae
1513 4689 1572 4737 sola
1596 4703 1658 4738 vere

538 4757 624 4820 gloria
636 4758 773 4812 nominari
783 4758 872 4821 possit
888 4772 920 4817 »3
936 4759 965 4806 P.
984 4758 1001 4806 C
1032 4756 1141 4806 liubi-rio
1162 4760 1293 4818 Postumo,
1310 4763 1376 4821 13(«
1395 4775 1463 4823 quae
1484 4760 1658 4824 prudentium

536 4828 639 4892 Judicio
664 4830 824 4893 expenditur
842 4834 887 4891 ut3
914 4829 1033 4894 Philipp.
1056 4830 1087 4887 ll,
1113 4832 1157 4879 115
1187 4832 1208 4893 l«
1229 4846 1307 4881 verae
1334 4832 1435 4895 gloriae
1454 4834 1595 4895 gustatum
1610 4832 1631 4895 n)
1654 4849 1660 4894 3

538 4898 655 4965 Philipp.
672 4900 702 4961 V,
714 4903 798 4950 49-50.

570 4973 602 5035 (6)
618 4972 693 5022 Tuae.
706 4974 753 5032 111,
769 4987 827 5036 cap.
842 4976 864 5021 2.
878 5000 908 5009 -
920 4972 958 5021 Cl.
975 4975 1058 5022 etiarn
1075 4973 1107 5023 de
1126 4994 1136 5016 u
1155 4989 1216 5024 vera
1228 4974 1314 5038 gloria
1332 4995 1352 5032 u,
1371 4976 1409 5023 De
1428 4974 1512 5039 Offic,
1525 4974 1557 5034 ΙΙ,
1571 4977 1609 5023 43.
