4467 6167
1123 788 1320 853 -ttt-

656 953 698 1021 de
727 960 851 1022 natura
881 953 1038 1034 deorum,
1063 993 1103 1003 -
1119 953 1327 1042 composuit.
1347 952 1506 1040 Cumque
1535 952 1569 1017 in
1595 950 1778 1017 variarum

655 1060 960 1152 philosophiarum
991 1060 1173 1128 sententiis
1209 1082 1270 1149 pro
1314 1081 1499 1125 causarum
1529 1057 1777 1126 commoditate

658 1166 864 1235 adhibendis
880 1190 920 1235 ea
935 1167 1093 1235 libertate
1112 1172 1282 1253 uteretur,
1304 1173 1343 1234 ut
1356 1166 1444 1233 nulli
1465 1172 1578 1234 certae
1597 1164 1777 1233 doctrinae

655 1274 813 1343 addictus
849 1297 891 1342 ex
941 1274 1104 1342 omnibus
1144 1274 1282 1355 libaret,
1325 1274 1572 1364 quodcumque
1620 1273 1774 1341 maxime

654 1380 833 1472 probabile
843 1381 988 1450 dicendo
1004 1381 1079 1449 fieri
1091 1404 1190 1471 posse
1203 1380 1479 1465 existimaret·
1488 1387 1564 1449 tum
1574 1403 1635 1470 per
1648 1381 1776 1447 oratio-

653 1512 740 1556 num
751 1490 955 1556 varietatem
967 1511 1044 1557 eam
1057 1489 1169 1578 ipsam
1184 1488 1354 1556 rationem
1369 1487 1440 1555 fere
1454 1485 1648 1571 exercebat,
1667 1510 1776 1577 quam

652 1602 691 1664 ut
707 1596 937 1687 philosophus
948 1595 1254 1686 posteaprofessus
1268 1602 1331 1674 est,
1344 1600 1382 1662 ut
1400 1622 1414 1656 α
1426 1595 1530 1661 nullis
1541 1594 1648 1662 ullius
1659 1600 1775 1662 certae

652 1702 857 1793 disciplinae
883 1703 1062 1771 vinculis»
1084 1702 1128 1792 (1)
1155 1700 1411 1792 prohiberetur,
1429 1724 1469 1768 ex
1496 1701 1659 1768 omnibus
1688 1723 1777 1790 qua·

652 1833 719 1901 que
739 1809 780 1877 de
795 1833 830 1877 re
844 1810 910 1877 sibi
927 1809 1132 1891 adsciscere,
1149 1808 1321 1900 quidquid
1338 1809 1489 1876 maxime
1502 1806 1544 1875 ad
1560 1808 1634 1882 veri
1650 1806 1775 1874 simili·

658 1916 817 1985 tudinem
832 1916 993 1985 acoedere
1006 1916 1192 2006 judicaret,
1207 1956 1248 1966 -
1262 1939 1304 1984 ne
1316 1939 1356 1984 ea
1370 1914 1513 2006 quidem
1531 1916 1608 2005 lege
1630 1913 1774 1982 obstric-

651 2030 728 2091 tum
742 2047 778 2091 se
791 2024 933 2110 faciens,
944 2031 983 2092 ut
998 2022 1039 2091 de
1055 2046 1091 2091 re
1105 2022 1331 2091 eademidem
1342 2045 1481 2113 semper
1493 2021 1694 2090 defenderet
1708 2021 1771 2111 (2).

696 2130 799 2198 Aede
815 2132 890 2221 ipsa
904 2129 1045 2221 quidem
1060 2129 1336 2220 philosophandi·
1351 2130 1497 2217 ratione,
1508 2151 1613 2219 quam
1630 2134 1773 2195 secutus

651 2245 714 2318 est,
731 2244 873 2328 propter
885 2260 921 2306 se
933 2237 1162 2319 considerata,
1180 2244 1315 2305 nonest
1330 2237 1434 2327 hujus
1454 2236 1655 2327 scriptionis
1670 2236 1773 2325 plura

651 2343 764 2413 dicere
782 2367 789 2426 ;
812 2346 870 2412 sed
887 2352 1044 2412 extrema
1059 2345 1109 2411 rei
1125 2351 1264 2412 nostrae
1285 2344 1513 2435 explicatione
1527 2366 1594 2411 non
1615 2343 1773 2412 alienum

650 2451 1055 2531 fueritanimadvertere‚
1073 2473 1142 2540 quo
1156 2453 1256 2541 quasi
1269 2474 1434 2541 processu
1450 2474 1470 2519 a
1484 2452 1637 2541 propriis
1654 2448 1774 2540 philo-

650 2559 794 2650 sophiae
820 2560 905 2627 locis
926 2558 969 2626 ad
993 2560 1186 2626 oratorium
1206 2581 1310 2626 usum
1338 2557 1545 2627 adhibendis
1565 2557 1607 2625 ad
1628 2557 1771 2625 eosdem

650 2667 836 2756 separatim
861 2672 1003 2756 propter
1017 2688 1053 2734 se
1068 2665 1265 2738 tractandos
1286 2673 1404 2733 noster
1423 2672 1543 2734 auctor
1562 2687 1598 2732 se
1614 2665 1771 2732 contule-

649 2774 696 2841 rit
713 2793 720 2839 :
738 2796 818 2841 oum
832 2774 1037 2863 praesertim
1053 2773 1096 2841 ab
1116 2775 1166 2841 eis
1186 2774 1273 2864 ipsis
1288 2772 1389 2840 libris
1404 2773 1446 2840 de
1469 2773 1608 2839 Oratore
1623 2772 1772 2862 inscrip-

649 2881 706 2962 tis,
728 2879 820 2948 unde
846 2878 1036 2970 disputatio
1061 2888 1182 2948 nostra
1205 2880 1358 2971 profecta
1385 2886 1448 2963 est,
1471 2880 1573 2947 liceat
1597 2885 1767 2968 repetere,

648 2986 823 3077 quomodo
846 2986 936 3055 hanc
949 2986 1484 3078 philosophandiprofessionem
1496 2986 1626 3054 adeam
1638 2987 1770 3053 summi

648 3096 796 3163 oratoris
818 3096 918 3185 quasi
943 3095 1146 3177 formulam,
1169 3117 1275 3185 quam
1297 3095 1566 3186 praeseferret,
1590 3094 1769 3183 pertinere

648 3204 722 3293 ipse
742 3201 966 3293 indicaverit.

692 3309 781 3375 Nam
795 3310 918 3377 Crasso
932 3331 995 3375 suo
1010 3309 1060 3376 sic
1075 3309 1254 3391 statuenti,
1275 3330 1293 3373 n
1307 3307 1476 3398 quidquid
1490 3308 1535 3376 sit
1546 3329 1769 3397 quacumque

648 3438 690 3483 ex
709 3423 794 3498 arte,
821 3438 1041 3505 quocumque
1061 3414 1102 3483 de
1120 3437 1260 3506 genere,
1281 3421 1456 3484 oratorem
1476 3414 1523 3495 id,
1548 3414 1575 3481 si
1597 3421 1768 3503 tanquam

648 3521 783 3589 clientis
803 3545 944 3590 causam
964 3521 1137 3606 didicerit,
1165 3522 1343 3590 dicturum
1364 3543 1439 3589 esse
1466 3520 1593 3588 melius
1613 3526 1647 3587 et
1666 3541 1767 3587 orna-

646 3630 729 3712 tius,
746 3652 851 3719 quam
873 3630 987 3720 ipsum
1003 3629 1105 3697 illum
1126 3629 1200 3717 ejus
1217 3632 1266 3695 rei
1285 3629 1507 3696 inventorem
1532 3633 1636 3716 atque
1655 3626 1769 3693 artih-
1862 3671 1866 3678 -

647 3758 722 3803 cern
742 3737 789 3821 (3)
815 3768 842 3820 n,
860 3771 903 3786 -·
925 3738 1041 3828 ipsum
1068 3737 1262 3804 Antonium
1282 3735 1557 3804 consentientem
1576 3733 1645 3800 alio
1661 3732 1766 3800 modo

646 3842 794 3911 faciebat
811 3864 818 3911 ε
836 3846 908 3934 qui,
925 3865 1127 3934 quanquam
1143 3850 1176 3911 et
1192 3865 1387 3934 repugnare
1406 3840 1557 3923 videtur,
1575 3840 1768 3929 quominus

648 3977 664 4012 ι(
696 3950 833 4019 infinita
862 3951 1106 4041 quaestionum
1136 3951 1293 4017 universi
1319 3948 1457 4040 generis
1481 3947 1606 4015 silva»
1637 3946 1768 4014 oratori

647 4059 868 4146 adjungetur,
896 4080 1010 4147 neque
1037 4057 1134 4123 illam
1159 4057 1271 4146 ipsam
1296 4078 1418 4124 earum
1448 4061 1594 4145 partem,
1617 4076 1706 4144 quae
1726 4052 1770 4121 ad

646 4184 762 4231 mores
774 4163 958 4231 hominum
974 4170 1007 4232 et
1026 4163 1067 4231 ad
1084 4186 1189 4232 usum
1205 4163 1337 4237 civium
1353 4163 1505 4229 maxime
1520 4161 1679 4243 attineat,
1699 4161 1768 4235 nisi

649 4298 663 4328 ι(
686 4269 833 4337 modicis
854 4270 1054 4360 regionibus
1076 4271 1378 4359 circumscriptam
1401 4297 1416 4332 »
1442 4269 1572 4336 oratori
1600 4289 1764 4356 compre·

646 4375 868 4444 hendendam
888 4400 962 4445 esse
982 4378 1140 4446 concedit
1160 4377 1220 4467 (t),
1242 4383 1361 4446 tamen
1376 4376 1469 4445 idem
1485 4374 1608 4443 eodem
1627 4374 1703 4441 loco
1720 4374 1770 4441 sic

679 4652 712 4715 (1)
724 4650 763 4700 Gt.
782 4650 891 4701 Tuscut.
911 4651 943 4710 V,
958 4651 989 4699 82
1001 4650 1061 4712 ;1v,
1075 4652 1099 4700 t.

677 4724 710 4787 (2)
727 4722 765 4774 Gt.
779 4720 887 4772 Tuscul.
903 4722 933 4783 V,
949 4724 988 4771 33.

678 4795 711 4859 (3)
727 4795 765 4844 De
777 4792 821 4844 Or.
837 4794 855 4854 t,
868 4794 912 4854 513
924 4794 958 4843 ct.
975 4795 1014 4844 65.

677 4867 710 4930 (n
724 4866 764 4915 lta
777 4865 927 4926 dumtaxat,
939 4867 970 4916 ut
982 4884 994 4911 α
1008 4866 1037 4916 in
1048 4864 1139 4916 causis
1151 4861 1297 4929 prudenter
1307 4860 1397 4927 possit
1408 4860 1529 4912 intexere
1557 4880 1580 4911 r.
1597 4860 1635 4913 Gt.
1663 4862 1703 4912 De
1722 4863 1767 4914 Or.

647 4937 671 4999 1,
687 4939 773 4986 se-ae.
