4467 6167
1036 350 1667 624 -ᾴ

2459 683 2466 684 e
2696 683 2758 684 ἶ..
2979 597 3093 684 joi

2042 1094 2130 1105 —
2192 1057 2311 1122 103
2360 1095 2447 1105 —

1121 1224 1432 1294 nationis
1471 1246 1728 1314 genera
1767 1222 2233 1292 defendebant
2260 1223 2381 1312 (1),
2424 1245 2583 1290 cum
2630 1223 2975 1311 Epicurus
3005 1244 3081 1289 ea
3124 1224 3362 1290 omnia

1119 1332 1395 1400 tolleret
1431 1330 1554 1422 (2),
1607 1331 2050 1421 Peripatetici
2090 1336 2325 1397 autem
2359 1330 2719 1420 pleraque,
2744 1336 2811 1396 et
2842 1328 3123 1418 quidem
3147 1330 3359 1397 simul

1121 1461 1281 1506 cum
1350 1437 1670 1527 augurali
1729 1438 2155 1506 divinatione
2216 1437 2411 1503 illam
2474 1436 3016 1526 haruspicinam,
3062 1437 3145 1503 de
3220 1460 3359 1527 qua

1124 1546 1531 1638 praesertim
1545 1544 1785 1613 Cicero
1807 1550 1972 1612 tunc
1996 1546 2069 1611 in
2089 1545 2353 1612 Senatu
2377 1543 2811 1633 loquebatur,
2844 1542 3208 1633 rejicerent
3239 1547 3351 1634 (3).

1120 1654 1260 1722 Nec
1285 1676 1451 1722 vero
1480 1653 1616 1720 nisi
1649 1654 1852 1720 tacite
1892 1651 2319 1741 confuseque
2354 1651 2436 1718 Μ.
2466 1650 2737 1717 Tullius
2760 1652 2827 1717 in
2859 1649 2985 1717 hac
3016 1652 3355 1736 oratione,

1118 1783 1277 1829 cum
1305 1760 1613 1851 posuerit
1651 1767 1718 1827 et
1756 1759 1920 1827 deos
1969 1782 2118 1827 esse
2148 1780 2533 1847 eorumque
2567 1763 2797 1824 mente
2842 1756 3183 1823 mundum
3209 1758 3356 1846 regi

1119 1876 1185 1936 et
1231 1867 1508 1935 eosdem
1563 1865 1932 1933 hominum
1980 1865 2346 1933 consulere
2399 1866 2637 1954 generi
2680 1863 2797 1938 (42.
2862 1863 3016 1928 inde
3067 1865 3353 1930 stoicam

1117 1975 1198 2042 de.
1229 1975 1658 2041 divinatione
1697 1973 2218 2041 conclusionem
2260 1972 2766 2039 sibiassumere
2810 1968 3107 2050 videtur,
3145 1993 3355 2059 quam

1119 2080 1245 2146 etsi
1279 2080 1350 2145 in
1381 2078 1789 2145 secundocle
1829 2080 2114 2170 Leqibus
2145 2077 2322 2146 libro
2356 2079 2449 2166 (5)
2506 2079 2715 2144 etiam
2788 2078 3057 2165 repetit,
3124 2084 3353 2144 tamen

1118 2193 1192 2253 ut
1234 2184 1693 2275 philosophus
1727 2193 1963 2274 postea
2021 2185 2414 2273 repudiavit
2476 2207 2490 2253 :
2565 2184 2684 2274 qni
2746 2185 2935 2251 enim
2986 2184 3065 2250 de
3109 2190 3353 2250 natura

1118 2292 1405 2360 deorum
1471 2290 1697 2380 deque
1758 2315 2001 2360 eorum
2055 2292 2507 2380 providentia.
2555 2298 2863 2359 extremo
2907 2291 3108 2358 tertio
3154 2291 3353 2357 libro-

1120 2422 1274 2467 rum
1316 2421 1490 2488 quos
1530 2398 1614 2465 de
1659 2399 1782 2466 hac
1823 2400 2233 2488 quaestione
2274 2400 2688 2488 composuit.
2732 2399 2943 2465 etiam
3000 2404 3147 2486 post
3193 2399 3354 2464 (Iar-

1117 2507 1432 2574 neadiam
1483 2507 1720 2574 Cottae
1750 2509 2429 2595 argumentationem
2476 2507 2763 2572 stoicam
2810 2503 2998 2570 Balbi
3044 2503 3351 2593 ‹lisputa-

1117 2614 1380 2680 tionem
1404 2611 1488 2679 ad
1521 2613 2387 2680 veritatissimilitudinem
2424 2613 2948 2701 propensiorem
2982 2609 3109 2676 sibi
3135 2611 3349 2678 videri

1118 2719 1538 2809 significavit
1578 2721 1691 2807 (6),
1734 2719 1916 2786 idem
1949 2721 2019 2786 in
2054 2718 2276 2790 libris.
2313 2742 2487 2808 qnos
2521 2719 2601 2784 de
2649 2718 3083 2784 Divinatione
3112 2719 3351 2784 inscri-

1116 2828 1272 2917 psit,
1309 2828 1567 2894 stoicae
1606 2828 2011 2902 sententiae.
2058 2849 2270 2916 quam
2315 2827 2574 2907 Quinto
2620 2827 2815 2893 fratri
2867 2824 3348 2914 explicandam

1115 2934 1500 3018 tribuitffl,
1547 2955 1669 3023 per
1708 2934 2088 3002 Carneadia
2141 2941 2556 3020 argumenta
2590 2935 2736 3022 ipse
2806 2935 2898 3000 ita
2947 2932 3350 2999 adversatus

1115 3048 1337 3123 est,ut
1369 3069 1399 3101 «
1439 3042 1932 3126 superstitione
1954 3042 2257 3109 tollenda
2282 3042 2694 3131 religionem
2718 3039 2961 3108 tollere
2985 3063 3017 3104 1>
3051 3063 3120 3104 so
3144 3063 3349 3124 noga-

1117 3149 1372 3236 ret(8):
1407 3147 1594 3237 quod
1634 3155 1869 3216 autem
1912 3150 2120 3216 etiam
2160 3156 2310 3215 tum
2357 3178 2385 3208 «
2437 3147 2776 3237 majorum
2813 3147 3129 3213 instituta
3174 3149 3349 3212 tueri

1113 3256 1326 3322 sacris
1365 3255 1950 3344 caerimoniisque
2005 3255 2386 3323 retinendis
2441 3256 2774 3345 sapientis
2822 3277 2971 3319 esse
3016 3283 3043 3314 »
3105 3255 3194 3318 ait
3247 3255 3346 3340 (a)

1122 3363 1332 3450 [sicut
1354 3361 1438 3429 de
1468 3361 1777 3428 colendis
1803 3363 2446 3430 disimmortalilms
2481 3363 2747 3428 Cottam
2784 3368 3023 3427 contra
3054 3360 3344 3426 Ballioni

1112 3469 1206 3535 sic
1237 3468 1710 3557 disputantem
1745 3469 2031 3542 t'ecit.nt
2063 3469 2407 3559 majorum
2440 3470 2813 3536 auctoritas
2848 3491 2879 3530 ‹
2914 3467 3121 3532 etiam
3160 3467 3345 3532 nulla

1113 3577 1374 3642 ratione
1405 3574 1674 3642 reddita
1722 3603 1753 3636 »
1805 3576 1950 3665 ipsa
1994 3599 2114 3666 per
2161 3599 2232 3642 se.
2274 3577 2442 3642 satis
2494 3576 2723 3642 valere
2791 3573 3038 3639 debere
3088 3573 3346 3638 ‹livore-

1112 3682 1456 3770 tur(t0)],
1489 3719 1559 3731 --
1590 3682 1846 3749 idcirco
1869 3683 2158 3770 (lignum
2195 3683 2324 3750 suit
2348 3683 2735 3752 ostendere.
2757 3704 2914 3748 eum
2942 3682 3005 3745 in
3038 3682 3346 3746 oratione

1114 3788 1388 3878 publica
1433 3788 1829 3856 Stoicorum
1887 3790 2184 3856 rationes
2228 3830 2312 3838 —
2344 3813 2642 3878 quarum
2685 3789 2965 3878 quidem
3019 3788 3338 3855 nltimam

1109 3895 1624 3963 conclusionem
1668 3897 1996 3985 privatim
2033 3918 2162 3963 non
2227 3896 2547 3986 probaret
2596 3937 2667 3946 —
2714 3896 3055 3983 majorum
3109 3902 3343 3960 aucto-

1111 4002 1298 4069 ritati
1325 4002 1702 4093 adjungere
1736 4004 2089 4071 maluisse.

1171 4225 1234 4286 (1)
1267 4224 1342 4274 Cf.
1367 4225 1442 4273 De
1465 4225 1697 4274 Divinal.
1735 4225 1775 4283 1,
1801 4228 1866 4280 6;
1899 4225 1969 4273 De
2001 4225 2119 4272 Nat.
2153 4225 2300 4274 deor.
2336 4225 2399 4282 Π,
2438 4226 2653 4272 162-163.

1169 4296 1231 4358 (2)
1256 4296 1331 4346 Cr.
1368 4296 1438 4344 De
1465 4296 1702 4345 Divinat.
1739 4297 1776 4354 l,
1809 4299 1864 4352 5;
1901 4297 2115 4345 lteNat.
2150 4297 2294 4344 deor.
2333 4297 2395 4350 11.
2430 4298 2530 4343 1132.

1173 4368 1237 4430 (3)
1261 4368 1337 4416 De
1365 4367 1578 4416 Divina!
1611 4368 1701 4426 1‚5
1730 4383 1741 4428 3
1773 4369 1850 4415 72.
1889 4395 1944 4404 —
1976 4367 2126 4425 Quod
2156 4367 2220 4415 ad
2245 4366 2571 4416 Carneadem
2611 4367 2819 4418 attinet,
2855 4387 2875 4406 «
2921 4367 3342 4414 concertationis

1120 4437 1297 4488 studio
1347 4439 1510 4489 modo
1554 4439 1656 4488 hoc
1703 4438 1865 4488 niodo
1898 4438 2026 4488 illud
2074 4439 2341 4488 «licentem
2450 4441 2508 4488 Υ.
2552 4440 2622 4484 lw
2674 4439 2845 4486 moin.
2883 4438 2918 4485 1.
2948 4439 2973 4484 Ἰ
3004 4451 3015 4495 ;
3041 4439 3134 4495 ‹32;
3172 4439 3232 4488 11,
3272 4443 3298 4486 tt
3329 4453 3340 4488 ι

1110 4509 1212 4558 1330.

1170 4585 1233 4642 34)
1265 4582 1406 4630 llaec
1429 4581 1591 4630 verba
1621 4582 1891 4631 sumimus
1917 4597 1943 4630 e
1973 4581 2109 4630 libro
2137 4583 2178 4630 11
2214 4583 2286 4629 lte
2320 4581 2511 4642 Leyib„
2545 4584 2620 4629 32.
2651 4581 2725 4630 Cf.
2762 4581 2833 4628 De
2859 4581 2983 4630 Nol.
3010 4581 3179 4638 deor„
3208 4582 3339 4634 11,3;

1107 4651 1182 4700 De
1200 4652 1376 4702 Divin.
1406 4652 1445 4710 1,
1473 4655 1518 4710 9,
1543 4654 1618 4702 10.

1170 4723 1234 4784 (5)
1265 4723 1340 4772 De
1375 4723 1545 4786 Leqib.
1581 4725 1646 4782 11,
1675 4725 1840 4772 32-33.

1169 4794 1234 4854 (6)
1269 4795 1344 4842 De
1363 4795 1484 4843 Nat.
1518 4795 1669 4843 deor.
1710 4795 1800 4856 lll,
1831 4797 1908 4842 96.
1934 4793 2008 4843 Cf.
2043 4795 2112 4842 De
2147 4796 2377 4842 Dii-imit.
2418 4796 2452 4850 1,
2487 4797 2531 4843 9.

1171 4865 1232 4924 Π)
1265 4865 1324 4913 ln
1353 4865 1490 4914 libro
1521 4866 1563 4924 Ι;
1597 4867 1777 4914 Cicero
1813 4865 2148 4914 contradicit
2179 4869 2232 4913 in
2262 4866 2397 4914 libro
2432 4867 2494 4915 ΙΙ.

1167 4938 1230 4998 (8)
1255 4937 1330 4985 De
1368 4936 1598 4986 lui-inat.
1638 4938 1699 4995 ll,
1738 4939 1951 4985 tis-tw.
1987 4943 2381 5000 —Qnanqnani
2415 4939 2526 5000 ipse
2580 4936 2773 4984 Balbus
2802 4937 2857 4984 in
2890 4951 2985 4984 sna
3028 4937 3197 4984 stoica
3228 4932 3336 4981 dis-

1106 5009 1382 5070 putatione
1415 5010 1508 5056 ‘De
1553 5008 1677 5057 Nat.
1723 5009 1866 5056 deor.
1899 5009 1960 5060 ll,
1995 5010 2141 5056 63-72
2189 5008 2439 5071 explicat.
2490 5007 2764 5070 quomodo
2816 5008 2980 5056 Stoici
3044 5007 3145 5069 ipsi
3178 5004 3331 5064 (sicut

1107 5079 1473 5127 Romanorum
1502 5101 1522 5122 u
1559 5080 1792 5142 majores
1822 5083 1865 5140 υ)
1895 5099 1914 5122 (ι
1951 5081 2393 5143 superstitionem
2420 5095 2451 5129 a
2482 5080 2742 5141 religione
2776 5080 3081 5141 separarent
3116 5095 3156 5124 υ.

1173 5152 1236 5208 (9]
1261 5151 1335 5199 De
1351 5151 1583 5200 Divinat.
1617 5151 1683 5209 11,
1709 5153 1812 5199 148.

1175 5221 1272 5282 (10)
1304 5221 1381 5269 De
1403 5221 1528 5272 Nat.
1555 5222 1698 5271 deor.
1730 5222 1820 5280 111,
1845 5224 1890 5270 6.
1919 5221 1996 5272 Ct'.
2030 5223 2076 5280 9,
2099 5224 2150 5270 et
2171 5225 2253 5270 43.
