4467 6167
1027 831 1206 896 ..57-

549 1020 647 1087 ¹quae
667 1024 683 1058 «
708 1016 825 1063 rerum
842 993 1055 1062 abundantia
1075 994 1122 1085 (Ι)
1143 1022 1158 1056 n
1170 994 1377 1078 efficeretur,
1391 997 1434 1065 eb
1451 1026 1467 1061 «
1489 1000 1584 1067 inani
1600 1023 1678 1069 ver-

557 1104 682 1172 borum
700 1102 973 1191 volubilitatel2)
992 1130 1007 1163 n
1021 1104 1153 1169 secerni
1166 1101 1208 1170 ab
1224 1125 1264 1170 eo
1280 1102 1444 1182 vidimus,
1461 1105 1494 1171 id
1505 1106 1540 1173 in
1553 1130 1678 1174 vanam

556 1209 744 1301 quamdam
759 1208 1020 1276 distinctionem
1034 1231 1105 1276 non
1116 1207 1268 1276 recidere
1286 1211 1675 1302 maximeintellegetur,

557 1317 585 1384 si
607 1316 872 1406 respexerimus
885 1340 951 1406 quo
969 1317 1072 1383 talem
1088 1315 1275 1383 formulam
1290 1326 1407 1385 noster
1419 1327 1539 1386 auctor
1567 1321 1678 1388 inten-

547 1424 650 1496 disse
670 1422 841 1490 videatur.
859 1421 926 1503 Qui
949 1424 1043 1489 euim
1064 1423 1174 1512 ipsac
1198 1423 1337 1511 copiose
1356 1423 1524 1492 dicendi»
1546 1428 1679 1516 proles-

557 1532 653 1599 sione
668 1527 832 1597 dissensit
852 1528 950 1597 abiis
974 1529 1032 1618 qui
1050 1530 1227 1596 «atticum
1245 1554 1274 1609 r,
1298 1530 1494 1612 uteiebant,
1517 1554 1627 1622 genus
1642 1535 1677 1601 in

555 1636 740 1727 jejunitate
766 1635 915 1725 quadam
950 1644 984 1703 et
1009 1663 1025 1698 Ι(
1051 1637 1205 1704 exilitate
1220 1636 1264 1726 (3)
1288 1665 1302 1695 »
1319 1636 1456 1705 dicendi
1480 1643 1676 1728 posuerint,

557 1745 649 1813 idem
668 1745 704 1811 in
719 1745 858 1833 copiose
873 1743 1011 1812 dicendi
1027 1743 1128 1812 laude
1151 1766 1187 1811 se
1202 1766 1273 1809 non
1293 1745 1394 1812 modo
1408 1751 1564 1836 separari
1584 1748 1677 1815 vole-

559 1852 616 1920 bat
635 1850 677 1917 ab
703 1851 745 1917 iis
765 1850 921 1919 ridiculis
941 1851 1083 1941 quidem
1111 1874 1129 1917 <1
1150 1850 1430 1919 clamatoribus»
1462 1853 1509 1943 (l)
1540 1876 1628 1943 quos
1642 1855 1676 1920 iu

466 1953 472 1965 ’
561 1960 658 2029 turba
675 1958 1095 2028 lorensividebatinvana
1107 1959 1294 2028 verborum
1307 1960 1484 2027 celeritate
1500 1960 1676 2042 delectari,

558 2067 616 2137 sed
632 2067 737 2133 etiam
750 2065 793 2133 ab
808 2066 928 2135 illis-
942 2067 1087 2134 minime
1098 2066 1254 2156 quidem,
1267 2072 1304 2133 ut
1325 2067 1398 2155 ipse
1411 2066 1678 2154 judicavitcon-

558 2169 755 2244 temnendis
767 2173 1057 2264 -principibusc
1074 2174 1247 2242 Asiaticae
1258 2173 1417 2240 dictionis
1429 2173 1562 2261 r,cujns
1579 2204 1593 2235 α
1610 2175 1678 2241 duo

558 2306 685 2373 genera
710 2310 726 2350 r
749 2284 795 2350 ita
810 2281 995 2371 descripsit
1024 2300 1068 2349 :u
1092 2302 1203 2348 unum
1232 2282 1486 2348 sententiosum
1516 2290 1545 2347 et
1574 2305 1678 2371 argu-

558 2399 646 2475 tum,
670 2391 852 2461 sententiis
873 2411 942 2456 non
964 2395 1035 2455 tam
1068 2376 1234 2477 gravibus
1259 2395 1292 2454 et
1309 2389 1438 2455 severis
1458 2410 1563 2477 quarn
1597 2411 1679 2455 cou-

557 2500 669 2567 cinnis
697 2507 729 2567 et
743 2497 955 2577 venustis...
973 2494 1123 2562 alterum
1145 2517 1211 2560 non
1226 2501 1298 2561 tam
1318 2495 1498 2562 sententiis
1517 2494 1679 2584 frequen-

558 2612 784 2695 tatumquam
799 2603 915 2673 verbis
932 2602 1072 2669 volucre
1085 2608 1189 2690 atque
1202 2601 1441 2683 incitatum...
1460 2624 1520 2669 nec
1534 2602 1679 2669 flumine

557 2714 671 2781 solum
687 2712 866 2792 orationis,
880 2709 939 2776 sed
956 2710 1067 2777 etiam
1077 2715 1242 2776 exornato
1253 2714 1285 2775 et
1301 2708 1406 2775 laceto
1422 2731 1547 2797 genere
1559 2706 1681 2776 verbo·

558 2843 662 2888 rum»
686 2844 693 2887 :
712 2840 864 2909 quorum
882 2817 1031 2884 duorum
1047 2838 1215 2905 generum
1231 2837 1311 2881 cum
1324 2815 1536 2881 clarissimos
1550 2815 1583 2881 in
1598 2816 1680 2884 Asia

559 2934 716 2995 auctores
744 2927 796 3017 (5)
830 2923 1043 3005 nominabat,
1078 2930 1154 2989 tum
1183 2945 1301 2990 eorum
1339 2929 1487 3011 utroque
1522 2923 1679 2990 lloruisse

560 3035 710 3101 maxime
725 3031 955 3100 Hortensium
970 3030 1227 3097 adulescentem
1240 3029 1366 3110 aiebat,
1379 3031 1583 3118 praesertim
1598 3052 1678 3097 cum

558 3140 600 3207 ad
619 3140 725 3207 talem
749 3145 898 3207 aetatem
927 3138 1013 3205 haec
1032 3136 1167 3205 dicendi
1202 3137 1354 3204 formula
1391 3136 1677 3204 accommodatis·

559 3249 647 3314 sima
660 3254 692 3314 et
708 3253 799 3314 esset
813 3252 846 3313 et
864 3245 1039 3312 videretur
1054 3244 1114 3334 (6).
1139 3245 1182 3310 Et
1211 3243 1352 3333 quidem
1372 3245 1453 3311 huic
1473 3244 1606 3333 generi,
1642 3244 1678 3309 in

558 3377 626 3445 quo
653 3383 668 3415 n
685 3352 848 3420 inanibus
861 3352 976 3421 verbis
1000 3379 1015 3411 »
1037 3352 1088 3420 vel
1107 3378 1123 3413 «
1142 3351 1279 3419 levibus
1302 3352 1483 3418 sententiis
1497 3350 1546 3439 (Ι)
1571 3377 1587 3411 »
1604 3372 1678 3416 am-

559 3462 721 3551 plificatio
742 3461 951 3539 alliceretur,
968 3460 1171 3526 Ciceronem
1189 3460 1304 3547 ipsum
1320 3498 1363 3507 —
1378 3458 1582 3546 praesertim
1595 3455 1677 3524 adu-

560 3568 746 3636 lescentem
763 3567 947 3657 -aliquid
963 3567 1175 3633 concessisse
1192 3589 1231 3633 ea
1246 3565 1529 3654 declarant,quae
1544 3566 1579 3631 in
1594 3564 1674 3631 Sex.

560 3675 674 3743 Roscii
693 3675 955 3765 judiciot'quam
974 3675 1125 3763 primam
1154 3696 1170 3738 c
1192 3694 1332 3739 causam
1350 3671 1524 3760 publicam
1549 3700 1563 3734 l
1601 3694 1677 3738 ora-

560 3781 626 3866 bat)
642 3782 690 3871 (8)
712 3782 753 3850 de
778 3780 1031 3871 parricidarum
1048 3780 1232 3870 supplici0,
1250 3778 1383 3863 multis,
1400 3786 1438 3845 ut
1450 3781 1523 3868 ipsc
1546 3800 1678 3845 memo-

559 3890 660 3969 ravit,
673 3889 890 3957 audientium
910 3888 1124 3957 clamoribus
1139 3888 1201 3978 (9),
1220 3888 1371 3955 dixerat:
1386 3888 1434 3954 sic
1456 3888 1550 3953 enim
1570 3909 1676 3976 prop·

592 4140 625 4202 (Ι)
642 4138 680 4189 Cl.
697 4139 734 4189 Dc
748 4139 802 4197 Or,
818 4139 864 4189 ΙΙΙ,
879 4140 931 4186 125.
948 4136 987 4198 (V.
1003 4150 1093 4200 supra,
1109 4151 1135 4200 p.
1152 4138 1190 4195 56,
1207 4149 1235 4185 n.
1252 4137 1285 4195 3.)

592 4211 624 4273 (2)
636 4209 676 4260 df.
699 4211 735 4259 De
746 4211 789 4260 Or.
806 4210 825 4267 Ι,
838 4210 866 4258 ΙΙ
879 4212 906 4258 et
921 4211 949 4257 20
966 4209 1109 4268 (Prooem).
1127 4205 1174 4267 ((ΙΙ.
1192 4220 1273 4268 supra
1289 4206 1358 4253 Part.
1370 4205 1389 4259 Ι,
1404 4218 1461 4268 cap.
1481 4204 1554 4268 le.
1565 4207 1617 4263 tt.)

592 4283 624 4345 (3)
637 4281 675 4331 Cl.
689 4283 776 4339 Brut,
789 4283 834 4330 284
846 4294 913 4344 sqq:
931 4300 942 4323 «
955 4280 1074 4328 Atticum
1087 4291 1115 4326 se
1128 4277 1226 4326 Calvus
1242 4276 1294 4324 dici
1316 4277 1452 4324 oratorem
1466 4276 1577 4324 volebat
1592 4292 1597 4324 :
1613 4275 1676 4325 inde

560 4356 618 4403 erat
640 4352 693 4403 ista
711 4352 850 4402 exilitas...
866 4355 917 4402 etc.
931 4372 942 4394 ι»
955 4378 987 4386 -
1003 4351 1076 4398 Orat.
1092 4351 1184 4407 20-32;
1202 4350 1237 4395 De
1252 4350 1304 4408 opt.
1321 4360 1379 4409 pen.
1397 4349 1468 4395 orat.
1486 4348 1553 4395 ‘t-lss.
1572 4348 1677 4411 Deque
1695 4404 1698 4408 y

560 4425 719 4489 quaestione
733 4423 794 4473 vide
816 4423 1032 4473 eruditissimam
1051 4420 1265 4483 disputationem
1293 4431 1375 4481 quam
1393 4418 1477 4467 edidit
1493 4420 1523 4467 ΙΙ.
1547 4420 1677 4468 Lantoine

561 4512 574 4543 ι
590 4496 627 4544 De
642 4496 768 4545 Cicerone
782 4499 878 4543 contro
890 4494 993 4542 Atticos
1005 4493 1163 4555 disputante
1179 4511 1190 4533 n
1208 4491 1298 4552 (1874).

592 4569 625 4629 (4)
640 4570 677 4618 De
691 4569 743 4617 hoc
757 4566 839 4616 verbo
854 4566 882 4615 V.
899 4566 937 4614 De
951 4565 994 4614 Or.
1009 4565 1028 4622 Ι,
1040 4564 1085 4611 202
1102 4578 1109 4622 3
1124 4563 1169 4619 ΙΙΙ,
1186 4564 1213 4611 81
1226 4576 1232 4620 3
1244 4562 1330 4619 Brut,
1348 4563 1410 4620 182;
1425 4562 1462 4611 (ΙΙ.
1481 4561 1528 4613 Or.
1546 4564 1584 4611 53.

592 4640 625 4702 (5)
639 4640 686 4689 Vel
701 4653 765 4689 suae
780 4639 875 4688 aetatis
897 4639 937 4699 (ut
960 4636 1094 4685 Milesium
1118 4634 1288 4695 Aeschinem)
1305 4632 1347 4681 vel
1372 4633 1453 4697 paulo
1471 4634 1617 4697 superioris
1639 4634 1679 4695 (ut

560 4711 712 4760 Hieroclem
720 4713 747 4760 et
761 4710 909 4759 Meneclem
919 4709 948 4758 in
959 4709 1046 4772 primo
1057 4720 1165 4770 genere,
1179 4704 1344 4768 Aeschylum
1356 4704 1482 4754 Cnidium
1497 4706 1525 4753 in
1538 4705 1677 4769 secundo).

592 4782 624 4844 (6)
637 4780 676 4830 Cf.
691 4783 778 4840 Brut,
793 4782 910 4830 ana-m

592 4854 624 4915 (Ι)
641 4853 715 4904 Sicut
729 4852 827 4902 dicitur
841 4852 870 4901 in
886 4851 971 4910 Orat,
989 4852 1042 4899 tro.

592 4926 626 4989 (8)
638 4923 677 4975 Gt.
694 4926 771 4973 Brut.
783 4926 828 4974 312
843 4938 849 4983 ;
864 4925 891 4972 et
904 4925 957 4972 Pro
975 4922 1035 4971 Sex.
1049 4921 1150 4981 Roscio,
1171 4922 1209 4969 59.

592 4997 626 5059 (9)
640 4995 678 5045 cl.
696 4996 782 5055 Orat„
799 4997 853 5045 llll.
