4467 6167
1033 811 1231 874 -nt-

565 973 608 1038 de
637 983 761 1040 natura
790 975 947 1040 deorum.
973 977 1238 1062 -composuit
1257 973 1416 1062 Cumque
1444 974 1479 1037 in
1504 973 1689 1038 variarum

565 1081 869 1170 pbilosopbiarum
901 1085 1083 1148 sententiis
1119 1104 1180 1166 pro
1224 1102 1410 1146 causarum
1438 1079 1689 1146 commoditate

567 1187 773 1254 adhibendis
789 1211 830 1254 ea
845 1189 1003 1255 libertate
1024 1199 1193 1256 uteretur.
1215 1199 1252 1254 ut
1267 1188 1354 1254 nulli
1374 1197 1487 1255 certae
1506 1187 1687 1254 doctrinae

564 1295 722 1361 addictus
758 1318 800 1362 ex
850 1299 1014 1362 omnibus
1055 1297 1192 1364 libaret.
1234 1297 1482 1385 quodcumque
1529 1296 1686 1361 maxime

564 1403 898 1491 probabiledicendo
914 1403 988 1470 tieri
1001 1426 1100 1488 posse
1111 1405 1474 1480 existimaret-tum
1484 1425 1544 1491 per
1556 1403 1688 1468 oratio

563 1530 648 1575 num
661 1513 865 1576 varietatem
876 1532 953 1576 eam
968 1513 1078 1600 ipsam
1094 1513 1264 1576 rationem
1279 1511 1350 1576 tere
1363 1507 1558 1576 exercebat.
1574 1531 1686 1598 quam

562 1623 601 1682 ut
616 1617 846 1707 philosophus
858 1629 976 1705 psstea
985 1618 1164 1707 protessus
1177 1627 1241 1686 est.
1255 1625 1291 1683 ut
1309 1649 1321 1674 -ι
1335 1616 1439 1683 nullis
1451 1616 1557 1682 ullius
1567 1623 1685 1683 certae

561 1723 767 1812 disciptinae
793 1725 940 1790 vinculis
958 1757 970 1780 ··
1009 1727 1019 1790 t
1064 1724 1378 1815 prohib-eretum
1404 1723 1568 1789 omnibus
1596 1745 1687 1811 qua-

561 1853 629 1919 que
648 1831 690 1897 de
704 1854 740 1897 re
753 1833 818 1898 sibi
835 1833 1040 1900 adsciscere.
1057 1831 1229 1921 quidquid
1248 1833 1398 1897 maxime
1411 1830 1452 1896 ad
1468 1831 1542 1896 reri
1559 1828 1684 1895 simili-

568 1937 725 2004 tudinem
740 1937 903 2004 accedere
915 1939 1102 2026 judicaret,
1116 1977 1157 1988 -
1172 1962 1214 2005 ne
1224 1962 1266 2006 ea
1279 1937 1422 2028 quidem
1440 1937 1516 2025 tege
1537 1935 1683 2003 obstric-

561 2052 635 2110 tum
650 2068 687 2111 se
701 2045 842 2128 taciens,
854 2055 892 2111 ut
906 2045 948 2112 dc
965 2068 1001 2112 re
1015 2045 1136 2112 eadem
1147 2046 1240 2112 idem
1251 2067 1390 2135 semper
1401 2043 1602 2111 defenderet
1630 2045 1651 2107 2
1671 2096 1679 2108 .

606 2155 653 2218 ,tc
667 2151 708 2218 de
725 2155 799 2241 ipsa
813 2151 953 2242 quidem
970 2151 1242 2242 philosophandi
1262 2154 1406 2238 ratione,
1416 2173 1523 2241 quam
1537 2158 1681 2216 secutus

559 2268 622 2328 est.
640 2267 782 2348 propter
794 2282 829 2326 se
841 2259 1071 2328 considerata.
1089 2269 1223 2326 nonest
1240 2259 1343 2348 hujus
1363 2259 1564 2348 scriptionis
1577 2258 1681 2346 ptura

559 2365 673 2432 dicere
690 2387 697 2432 ;
720 2367 778 2432 sed
795 2375 953 2433 extrema
968 2369 1017 2432 roi
1033 2375 1174 2433 nostrae
1193 2368 1421 2457 explicatione
1435 2388 1502 2432 non
1523 2366 1680 2432 alienum

560 2472 965 2540 tueritauimadrertere.
982 2495 1052 2561 quo
1063 2476 1164 2563 qnasi
1177 2496 1342 2562 processu
1357 2496 1378 2540 a
1392 2474 1546 2562 propriis
1561 2470 1681 2561 pbilo-

558 2579 702 2668 sophiae
729 2580 814 2646 locis
834 2580 876 2646 ad
901 2583 1093 2647 oratorium
1115 2602 1218 2646 usum
1247 2579 1454 2648 adhibendis
1472 2579 1516 2646 ad
1535 2578 1679 2646 eosdem

558 2689 742 2773 separatim
769 2695 911 2776 propter
925 2710 961 2754 se
977 2687 1174 2756 tractandos
1196 2697 1312 2754 noster
1330 2695 1452 2755 auctor
1469 2709 1506 2753 se
1520 2686 1679 2753 contule·

559 2793 603 2857 rit
621 2813 628 2857 :
645 2815 725 2859 cum
741 2796 945 2882 pracsertim
961 2797 1005 2861 ab
1023 2797 1074 2862 eis
1094 2797 1181 2884 ipsis
1198 2794 1297 2861 libris
1312 2794 1354 2861 de
1376 2796 1517 2861 Oratore
1530 2794 1680 2883 inscrip-

557 2899 615 2978 tis,
637 2899 728 2966 unde
754 2898 944 2989 disputatio
970 2911 1089 2968 nostra
1114 2902 1267 2991 proiecta
1293 2909 1356 2982 est,
1380 2901 1481 2969 liceat
1505 2908 1675 2989 repetere,

556 3005 731 3094 quomodo
755 3007 843 3074 banc
858 3008 1128 3099 philosophandi
1140 3009 1392 3098 professionem
1403 3008 1447 3075 ad
1456 3030 1534 3075 eam
1545 3009 1677 3073 summi

556 3115 704 3180 oratoris
725 3117 823 3204 quasi
852 3116 1053 3196 formulam,
1076 3138 1182 3206 quam
1206 3116 1474 3206 praeseferret,
1497 3115 1675 3205 pertinere

556 3221 630 3309 ipso
650 3219 875 3310 indicaverit.

600 3326 687 3392 Nam
702 3329 826 3395 Crasso
839 3351 902 3395 suo
918 3329 967 3395 sic
982 3331 1162 3398 statuenti.
1183 3329 1382 3419 (quidquid
1397 3330 1443 3397 sit
1453 3350 1676 3419 quacumque

555 3441 701 3516 exarte,
727 3457 949 3524 quocumque
967 3435 1168 3526 degenere,
1189 3444 1362 3504 oratorem
1383 3436 1431 3515 id,
1455 3436 1483 3502 si
1504 3445 1673 3525 tanquam

555 3539 690 3607 clientis
710 3564 850 3609 causam
871 3541 1045 3624 didicerit,
1071 3543 1250 3611 dicturum
1271 3565 1346 3609 esse
1373 3541 1500 3609 melius
1519 3549 1554 3609 et
1571 3563 1673 3608 orna·

553 3648 636 3730 tius,
653 3671 758 3739 quam
780 3650 894 3739 ipsum
911 3650 1011 3716 illum
1032 3650 1108 3738 ojus
1124 3654 1174 3717 rei
1193 3651 1413 3716 inventorem
1439 3655 1543 3738 atque
1562 3648 1675 3715 artifi-

553 3776 628 3820 cem
648 3756 695 3838 (3)
721 3789 749 3838 n,
767 3795 810 3805 —
832 3758 948 3847 ipsum
976 3758 1169 3825 Antonium
1189 3757 1463 3825 consentientem
1482 3755 1552 3822 atio
1567 3753 1672 3821 modo

552 3859 700 3930 faciebat
717 3883 725 3929 :
743 3865 814 3953 qui,
831 3885 1033 3954 quanquam
1049 3871 1082 3930 et
1099 3886 1294 3954 repugnare
1313 3861 1464 3943 videtur,
1481 3861 1673 3951 quominus

555 3994 570 4027 «
604 3968 739 4036 infinita
769 3971 1013 4059 quaestionum
1042 3972 1199 4038 universi
1226 3970 1365 4059 generis
1388 3968 1476 4037 silva
1496 3997 1513 4031 u
1543 3967 1673 4035 oratori

553 4075 775 4162 adjungatur,
803 4099 916 4166 noque
944 4077 1040 4143 ittam
1065 4078 1178 4166 ipsam
1202 4099 1324 4144 earum
1355 4083 1500 4167 partem,
1522 4097 1612 4165 quae
1631 4073 1675 4141 ad

554 4200 669 4248 mores
680 4179 863 4249 bominum
880 4190 913 4251 et
932 4182 974 4250 ad
990 4206 1095 4251 usum
1110 4185 1242 4251 civium
1259 4185 1412 4251 maxime
1426 4183 1585 4264 attineat,
1604 4181 1672 4256 nisi

555 4314 569 4343 u
594 4286 739 4355 modicis
760 4289 960 4379 regionibus
981 4292 1285 4380 circumscriptam
1307 4320 1323 4353 »
1348 4291 1478 4358 oratori
1506 4310 1668 4377 compre-

552 4391 774 4462 hendendam
794 4419 868 4464 esse
888 4399 1045 4465 concedit
1065 4399 1126 4487 (t),
1148 4404 1266 4467 tamen
1282 4396 1375 4465 idem
1391 4395 1514 4465 eodem
1533 4396 1608 4463 loco
1625 4395 1673 4461 sic

584 4668 617 4732 (t)
630 4667 668 4717 Gt.
688 4668 797 4719 Tuscut.
816 4670 848 4728 V,
864 4670 894 4718 82
906 4670 966 4731 ;1v,
980 4673 1004 4720 t.

582 4741 615 4803 (2)
632 4739 670 4791 Gt.
685 4738 792 4790 Tuscul.
808 4740 838 4801 V,
854 4743 893 4790 33.

583 4811 616 4875 (3)
633 4812 670 4861 De
682 4810 726 4861 Or.
743 4812 760 4872 Ι,
773 4813 817 4872 51;
829 4812 863 4862 ct.
880 4814 919 4863 65.

552 4953 563 5001 l
583 4882 615 4946 (o
629 4883 669 4933 lta
682 4884 832 4945 dumtaxat,
844 4886 875 4935 ut
887 4903 899 4930 α
913 4885 942 4935 in
953 4885 1043 4936 causis
1056 4883 1202 4949 prudenter
1212 4883 1303 4949 possit
1314 4883 1434 4935 intexere
1463 4902 1485 4933 u.
1502 4882 1540 4934 Gt.
1569 4884 1608 4934 Dc
1626 4884 1670 4935 Or.

570 4990 576 5015 ,
592 4955 678 5004 ss-ca
