4467 6167
1207 1282 1242 1337 lv

704 1540 878 1607 Jamnunc
898 1535 1048 1626 perspici
1070 1540 1195 1624 potest,
1212 1532 1385 1623 quomodo
1406 1533 1556 1601 inlibris
1580 1532 1622 1599 de
1639 1534 1781 1600 Oratore

660 1644 838 1733 inscriptis
852 1666 904 1724 ea,
922 1664 1011 1732 quae
1022 1641 1063 1709 de
1074 1639 1317 1731 philosophiae
1327 1640 1478 1707 utilitate
1503 1640 1657 1729 primum
1675 1663 1781 1729 pone-

661 1751 797 1835 bantur,
831 1748 873 1817 ad
911 1755 1086 1816 certarum
1114 1746 1420 1837 pbilosophiarum
1441 1746 1780 1815 commendationem
1822 1774 1824 1777 ·

661 1856 917 1926 conversasint.
934 1856 1004 1922 Nec
1016 1877 1097 1924 vero
1110 1853 1328 1931 mirabimur.
1348 1854 1383 1920 in
1399 1876 1439 1921 eo
1450 1852 1552 1932 libre,
1567 1855 1629 1944 qui
1658 1854 1782 1921 Orator

662 1963 877 2036 inscribitur,
899 2003 943 2012 -
962 1962 1021 2030 ubi
1037 1961 1079 2028 dc
1098 1963 1263 2029 universa
1283 1960 1505 2053 philosophia
1530 1959 1689 2027 eamdem
1709 1961 1782 2028 fere

662 2079 765 2162 atque
799 2072 836 2137 in
857 2069 1003 2136 illis-de
1037 2069 1180 2136 Oratore
1207 2067 1305 2135 libris
1344 2068 1574 2151 sententiam,
1597 2067 1652 2136 vel
1683 2069 1782 2135 novis

663 2178 857 2247 rationibus
889 2183 1038 2254 auctam,
1070 2178 1281 2268 agnovimus
1315 2176 1376 2263 (l),
1415 2216 1450 2225 -
1484 2175 1629 2241 alteram
1662 2196 1782 2263 quaes·

662 2287 767 2354 tionis
784 2292 916 2376 partem
930 2286 1030 2375 quasi
1046 2284 1266 2352 obscuratam
1279 2290 1311 2350 et
1327 2284 1398 2351 fere
1409 2283 1576 2351 omissam
1592 2274 1677 2349 essess
1695 2281 1781 2349 Cum

663 2395 758 2463 enim
773 2392 814 2461 de
830 2391 934 2482 hujus
950 2390 1029 2457 libri
1045 2392 1178 2458 ratione
1193 2390 1237 2456 M.
1251 2390 1386 2456 Tullius
1399 2396 1516 2480 aperte
1531 2390 1709 2479 professus
1724 2390 1783 2477 sit,

666 2532 681 2563 a
699 2524 735 2567 se
753 2499 848 2567 nulla
864 2504 1045 2588 praecepta
1060 2519 1324 2588 ponere,neque
1340 2496 1433 2564 enim
1454 2496 1487 2564 id
1498 2498 1705 2588 suscepisse,
1725 2497 1783 2565 sed

664 2607 864 2675 excellentis
897 2605 1116 2696 eloquentiae
1145 2606 1295 2694 speeiem
1316 2610 1349 2670 et
1374 2604 1523 2670 formam
1561 2604 1782 2684 adumbrare,

663 2736 780 2801 aeqtte,
798 2712 918 2801 quibus
936 2713 1032 2779 rebar
1044 2724 1288 2801 capereretur,
1310 2732 1486 2799 eaportere,
1508 2710 1568 2778 sed
1584 2712 1696 2800 qualis
1718 2711 1783 2778 sibi

664 2842 739 2886 esse
777 2820 953 2885 videretur
982 2850 996 2880 υ
1014 2819 1075 2908 (2),
1106 2817 1199 2885 haud
1226 2818 1377 2908 proiecto
1405 2818 1676 2907 exspectandum
1697 2825 1782 2900 erat,

665 2924 847 3007 eumdum
873 2948 1047 2993 summam
1063 2926 1210 2992 oratoris
1231 2931 1308 2987 ἰδέαν.
1321 2923 1583 2992 describendam
1607 2924 1673 2991 sibi
1705 2949 1784 3015 pro-

665 3032 776 3121 ponit,
793 3033 836 3098 ad
852 3018 1093 3121 explicandam
1113 3030 1366 3098 eaerer'tatt'ont's
1392 3032 1555 3099 virtutem
1585 3033 1685 3121 quasi
1706 3032 1783 3100 des·

665 3161 853 3206 censurum
869 3162 953 3208 esse.
974 3139 1183 3228 Quanquam
1216 3139 1257 3206 de
1277 3139 1499 3206 Aristotelian
1528 3140 1785 3207 exercitationis

573 3257 579 3267 “
664 3246 814 3313 utilitate
860 3248 970 3335 ipsam
1022 3247 1232 3314 sententiam
1276 3269 1337 3335 per
1370 3246 1533 3313 Crassum
1576 3247 1784 3337 explicatam

665 3360 821 3443 repetere
842 3353 989 3435 videtur,
1025 3355 1108 3421 dum
1144 3352 1318 3429 admonet,
1336 3360 1518 3439 oratorem,
1547 3383 1562 3416 «
1589 3378 1660 3421 non
1684 3355 1784 3421 illum

666 3460 860 3550 vulgarem,
883 3461 941 3528 sed
965 3463 1057 3529 hunc
1086 3462 1325 3545 excellentem,
1343 3486 1362 3530 a
1382 3462 1529 3552 propriis
1563 3463 1721 3552 personis
1753 3471 1785 3530 et

665 3567 882 3657 temporibus
898 3591 1047 3656 semper,
1063 3570 1092 3636 si
1107 3570 1230 3660 possit,
1251 3576 1479 3637 evocaturum
1499 3592 1574 3637 esse
1590 3575 1784 3638 controver·

666 3675 753 3741 siam
779 3703 806 3756 l,
821 3674 1137 3767 animadvertitque
1149 3675 1269 3760 simul,
1292 3704 1307 3738 ι(
1330 3678 1366 3743 in
1380 3676 1445 3744 hac
1460 3678 1675 3767 quaestione,
1698 3700 1786 3768 quae

665 3803 685 3847 a
701 3783 849 3872 propriis
870 3783 1070 3873 personiset
1090 3782 1305 3874 temporibus
1316 3786 1358 3851 ad
1372 3784 1529 3852 universi
1554 3786 1693 3875 generis
1709 3808 1786 3853 ora·

666 3890 797 3956 tionem
811 3890 970 3957 traducta
984 3896 1055 3959 θέσις
1075 3892 1282 3981 appellatur,
1304 3892 1529 3959 Aristotelem
1545 3890 1786 3959 adulescentes

665 4018 735 4063 non
749 3996 791 4063 ad
803 3996 1092 4087 philosophorum
1113 4020 1247 4065 morem
1262 3999 1415 4065 tenuiter
1429 3997 1636 4077 disserendi,
1656 3998 1714 4065 sed
1745 3998 1786 4065 ad

666 4104 798 4193 copiam
816 4105 997 4172 rhetorum
1017 4105 1053 4171 in
1069 4111 1410 4195 utramquepartem,
1433 4114 1471 4173 ut
1485 4108 1641 4173 ornatius
1655 4112 1689 4173 et
1703 4105 1787 4172 ube-

668 4212 740 4277 rius
757 4212 823 4279 dici
853 4218 980 4302 posset,
1018 4214 1214 4281 exercuisse
1243 4241 1259 4275 »
1276 4212 1339 4301 (3).
1370 4212 1470 4293 Quod
1493 4222 1610 4281 autem
1631 4214 1664 4279 in
1686 4235 1786 4302 expo·

668 4319 780 4385 nenda
795 4319 994 4387 dialecticae
1018 4322 1276 4409 cognoscendae
1297 4322 1456 4404 utilitate,
1489 4342 1656 4410 -quam
1682 4320 1788 4386 ratio-

668 4544 724 4592 sive
743 4544 790 4606 qui
805 4544 883 4599 volet.
905 4559 966 4594 eum
980 4546 1183 4611 philosophum,
1206 4549 1253 4612 qui
1270 4551 1377 4614 copiam
1394 4552 1473 4601 nobis
1493 4566 1583 4603 rerum
1598 4553 1783 4616 orationisque

667 4614 765 4673 tradat,
779 4629 826 4678 per
837 4630 881 4665 me
900 4616 1016 4680 appellet
1042 4621 1177 4669 oratorem
1193 4620 1277 4683 licet;
1293 4623 1349 4672 sive
1373 4623 1445 4673 hunc
1473 4628 1617 4683 oratorem,
1636 4638 1718 4687 quem
1734 4640 1783 4689 ego

667 4685 727 4735 dieo
739 4686 900 4807 sapieptiam
910 4688 1035 4750 junctam
1046 4690 1145 4741 habere
1157 4691 1319 4755 eloquentia,
1332 4694 1524 4759 philosophum
1538 4697 1671 4761 appellare
1685 4697 1779 4758 malet,

667 4770 725 4807 non
738 4771 810 4822 impe
831 4772 916 4822 iam...
935 4778 946 4803 »

701 4829 734 4891 (l)
746 4828 785 4879 Gt.
802 4843 893 4894 supra,
906 4834 1032 4881 nostrum
1044 4846 1103 4897 cap.
1116 4833 1137 4893 I,
1152 4849 1179 4898 p.
1197 4836 1237 4886 tt.

703 4901 736 4961 (2)
757 4900 848 4962 Orat„
866 4903 905 4950 43.

700 4973 733 5033 (8)
752 4971 827 5023 Orat.
845 4974 937 5034 att-⁴63
954 4977 981 5024 et
994 4976 1049 5025 125.
