4467 6167
1144 850 1304 914 ..16-

666 1043 681 1077 «
705 1016 790 1097 lum,
805 1015 932 1104 inquit,
945 1013 1140 1083 arbitrabar
1154 1037 1174 1082 a
1193 1036 1248 1082 me
1263 1012 1445 1080 informari
1480 1017 1652 1100 oportere,
1672 1013 1783 1101 qualis

666 1149 681 1184 u
708 1144 783 1190 esse
797 1124 964 1211 possetis,
981 1123 1042 1212 qui
1052 1121 1225 1189 habitaret
1237 1122 1273 1187 in
1284 1119 1459 1187 subselliis
1473 1117 1784 1207 nequequidquam

666 1258 680 1289 a
703 1228 854 1318 amplius
867 1228 1105 1318 afferet‚quam
1120 1227 1211 1317 quod
1227 1247 1411 1295 uarrsarum
1428 1224 1615 1291 necessitas
1632 1225 1783 1313 postula-

664 1364 680 1397 «
708 1342 781 1416 ret,
800 1336 857 1402 sed
883 1334 996 1425 majus
1017 1334 1182 1424 quiddam
1201 1332 1373 1413 videbam,
1396 1351 1476 1397 cum
1496 1328 1680 1397 censebam
1705 1351 1783 1397 ora-

664 1470 680 1505 «
702 1449 827 1521 torem,
845 1442 1049 1533 praesertim
1060 1442 1094 1507 in
1105 1446 1225 1507 nostra
1236 1440 1426 1531 republica,
1443 1437 1572 1505 nullius
1589 1438 1782 1504 orn-amenti

665 1578 681 1612 α
708 1556 887 1640 expertem
908 1571 984 1617 esse
1005 1555 1179 1639 oportere.
1204 1576 1220 1609 »

1206 1997 1234 2053 ll

708 2255 837 2329 Restat,
856 2259 895 2320 ut
915 2275 1124 2343 quaeramus
1140 2251 1279 2342 deipsis
1301 2252 1505 2339 rationibus,
1516 2277 1602 2344 quas
1617 2254 1781 2321 Crassum

664 2362 706 2430 ad
740 2361 1046 2431 demonstrandam
1070 2360 1313 2450 philosophiae
1344 2361 1530 2427 utilitatem
1564 2361 1781 2441 atterentem,

663 2468 857 2535 Antonium
897 2474 1015 2536 autem
1056 2466 1276 2534 refellentem
1305 2467 1458 2534 vidimus
1481 2488 1488 2535 :
1511 2468 1573 2534 has
1612 2469 1783 2535 nimirum

664 2575 829 2656 rationes,
845 2596 1052 2664 —quarum
1066 2574 1212 2641 alteram
1232 2572 1274 2640 ad
1290 2574 1488 2640 animorum
1507 2581 1623 2641 motus
1645 2578 1784 2664 penitus

650 2682 919 2772 -pernoscendos
964 2688 1120 2771 spectare
1173 2680 1513 2766 animadvertimus,
1551 2680 1698 2748 alteram
1741 2684 1783 2751 ad

663 2787 887 2856 arcessendos
908 2811 928 2854 a
949 2786 1171 2879 philosophia
1196 2792 1308 2854 certos
1330 2789 1416 2855 locos
1444 2787 1629 2877 ejusmodi,
1657 2790 1719 2878 qui
1748 2791 1784 2857 in

663 2895 809 2962 dicendo
829 2917 932 2983 saepe
953 2895 1105 2971 incidere
1127 2894 1278 2961 solerent
1292 2894 1354 2984 (1),
1372 2935 1414 2943 -
1442 2896 1470 2960 si
1487 2893 1635 2962 adhunc
1652 2898 1783 2963 medio-

663 3024 771 3079 crem,
787 3001 828 3069 de
851 3023 919 3091 quo
949 3002 1119 3091 loquitur,
1144 3007 1317 3068 oratorem
1348 3002 1436 3067 nihil
1464 3002 1579 3068 valere
1608 3002 1783 3069 Antonius

664 3116 755 3176 recte
784 3108 993 3176 contendere
1019 3109 1132 3198 potuit
1156 3108 1213 3196 (2),
1228 3131 1299 3175 non
1321 3110 1405 3175 satis
1433 3116 1589 3197 apparet,
1608 3108 1782 3197 quomodo

663 3215 705 3283 ad
726 3216 832 3282 illurn
848 3238 1041 3303 summum,
1062 3238 1168 3306 quern
1196 3216 1342 3282 Crassus
1360 3217 1529 3290 intuetur,
1552 3216 1693 3283 eaedem
1722 3239 1782 3305 po-

662 3323 732 3390 tius
755 3323 962 3412 pertineant.
980 3323 1102 3412 ltaque
1123 3345 1190 3389 non
1215 3321 1368 3389 alienum
1390 3323 1467 3401 crit,
1496 3324 1613 3389 statim
1633 3322 1783 3390 breviter

663 3430 870 3514 describere,
881 3454 942 3520 per
957 3452 1061 3520 quem
1078 3452 1196 3498 rerum
1209 3452 1411 3519 processum
1423 3453 1474 3515 ea,
1484 3452 1573 3519 quae
1588 3435 1664 3518 post
1677 3431 1782 3518 primi

663 3537 744 3604 libri
762 3538 866 3604 finem
885 3538 922 3603 in
942 3538 1074 3605 incerto
1103 3537 1225 3604 relicta
1254 3530 1364 3604 videri
1394 3537 1582 3627 potuerint,
1607 3558 1669 3625 per
1696 3537 1783 3602 infe-

663 3645 771 3711 riores
792 3644 898 3712 libros
918 3643 959 3712 ad
980 3644 1163 3712 clariorem
1182 3645 1297 3711 lucem
1317 3643 1465 3711 adducta
1484 3646 1564 3711 sint.

708 3752 797 3817 Nam
807 3752 1075 3840 ipseAntcnius,
1089 3752 1248 3841 quivena
1263 3774 1303 3819 ea
1313 3774 1388 3818 esse
1399 3740 1575 3833 clamavit,
1586 3774 1675 3841 quae
1688 3753 1783 3819 Cras-

663 3881 722 3925 sus
739 3857 786 3948 (3)
809 3886 825 3920 «
847 3857 889 3927 de
916 3860 1050 3926 naturis
1064 3859 1259 3938 hominum,
1278 3857 1319 3925 de
1340 3858 1509 3935 moribus
1527 3857 1568 3924 de
1589 3856 1782 3925 rationibus

663 3966 725 4049 eis,
750 3948 878 4054 quibus
901 3988 1022 4033 eorum
1047 3973 1181 4034 mentes
1206 3974 1240 4033 et
1254 3967 1485 4035 incitarentur
1500 3974 1532 4034 et
1554 3968 1783 4055 reprimeren-

661 4226 691 4273 ut
706 4222 862 4271 Ciceronem
877 4220 977 4285 ipsum,
991 4219 1061 4283 quod
1078 4219 1106 4267 in
1121 4219 1183 4269 libri
1198 4219 1358 4283 [prooemio
1372 4232 1421 4267 suo
1441 4218 1552 4268 nomine
1577 4217 1739 4281 proterebat,
1756 4216 1781 4266 id

662 4294 690 4343 in
704 4293 767 4344 libri
782 4293 804 4341 ll
820 4292 960 4356 prooemio
975 4293 1007 4353 (5)
1022 4294 1155 4354 tanquam
1177 4305 1282 4354 semper
1296 4290 1432 4354 integrum
1455 4304 1542 4353 neque
1559 4289 1616 4339 ullo
1632 4289 1714 4338 modo
1738 4302 1783 4352 per

662 4365 793 4428 ancipites
808 4364 890 4427 primi
904 4363 966 4412 libri
988 4362 1183 4426 disputationes
1196 4362 1373 4411 imminutum
1389 4376 1439 4410 sua
1450 4362 1549 4410 iterum
1563 4363 1725 4412 auctoritate
1744 4360 1781 4409 sic

662 4436 871 4485 confirmantem
881 4434 1054 4484 inveniamus
1069 4450 1074 4481 ε
1092 4454 1103 4477 «ι
1120 4434 1259 4483 neminem
1270 4433 1427 4495 eloquentia
1441 4447 1497 4482 non
1509 4432 1591 4482 modo
1603 4433 1662 4483 sine
1677 4430 1781 4482 dicendi

662 4507 794 4564 doctrina,
806 4506 852 4555 sed
870 4520 903 4555 ne
918 4506 976 4555 sine
992 4504 1193 4568 omniquidem
1209 4504 1342 4569 sapientia
1358 4504 1451 4555 llorere
1463 4518 1585 4568 unquam
1608 4506 1634 4553 et
1646 4506 1781 4568 praestare

661 4578 823 4643 potuisse».

694 4649 726 4711 (lt
744 4648 782 4699 Cf.
794 4662 885 4711 supra,
896 4663 922 4712 p.
936 4650 961 4695 li
984 4649 1019 4709 (n.
1036 4650 1068 4710 l).

693 4721 731 4783 (2)
745 4720 836 4783 Neque
847 4720 920 4768 enirn
935 4718 1025 4777 refert,
1039 4719 1210 4769 Antonium«
1228 4732 1278 4768 sua
1290 4717 1405 4767 mirifica
1419 4718 1452 4767 ad
1467 4717 1645 4767 refellendum
1667 4729 1779 4766 eonsue-

662 4791 754 4840 tudine
771 4811 782 4833 υ
795 4792 836 4840 uti
847 4790 948 4839 maxim
959 4789 1096 4839 evoluisse
1112 4790 1193 4853 (quod
1204 4792 1230 4839 et
1240 4789 1351 4838 Crassus
1367 4790 1497 4853 suspicari
1514 4804 1541 4839 se
1555 4790 1601 4850 ait,
1618 4790 1699 4849 l,263,
1715 4788 1781 4835 -et

661 4863 796 4912 Antonius
810 4862 876 4926 ipse,
905 4862 938 4922 ll,
955 4863 994 4920 40,
1019 4861 1073 4911 fere
1089 4861 1219 4924 letaturi:
1247 4862 1306 4923 ejus
1325 4864 1486 4925 argumenta
1502 4875 1581 4911 suam
1608 4861 1664 4910 vim
1689 4875 1737 4924 per
1751 4872 1777 4908 se

662 4934 826 4993 habuerunt,
843 4947 925 4997 quam
941 4934 1052 4983 Crassus
1065 4933 1261 4997 praetereundo
1279 4946 1335 4981 non
1346 4932 1434 4996 fregit.

694 5006 727 5068 (3)
743 5004 818 5055 Sicut
831 5006 922 5055 Cicero
935 5019 984 5055 suo
1000 5006 1111 5056 nomine
1126 5005 1242 5069 loquens
1254 5005 1283 5054 in
1299 5005 1447 5068 prooemio,
1460 5005 1479 5065 l,
1492 5006 1530 5053 li.
