4467 6167
1024 870 1200 935 „97-

555 1040 651 1111 patria
670 1039 812 1110 pericula,
833 1038 958 1093 vulnera
976 1039 1164 1110 excipienda,
1186 1045 1313 1095 mortem
1339 1039 1549 1111 oppetendam,
1574 1039 1674 1095 vatici-

556 1130 621 1184 nari
636 1134 727 1200 atque
740 1128 875 1183 insanire
887 1127 1017 1182 dicebat.
1037 1149 1051 1177 »

600 1308 757 1396 Cumque
788 1305 962 1395 perhanc
986 1306 1098 1395 ipsam
1128 1305 1170 1371 ab
1207 1305 1386 1394 Epicureis
1419 1312 1674 1397 separationem

559 1415 692 1483 Stoicos
702 1413 998 1501 Academicosque
1009 1414 1111 1479 tacite
1124 1411 1198 1501 conj
1204 1418 1326 1479 unctos
1336 1421 1503 1504 tanquam
1511 1437 1676 1482 romanae

558 1521 720 1610 dignitati
735 1520 987 1587 satisfacientes
1001 1526 1121 1585 noster
1144 1526 1260 1586 orator
1274 1519 1482 1607 designaret,
1499 1542 1539 1587 eo
1565 1522 1677 1610 magis

558 1626 905 1695 animadvertendum
933 1634 996 1700 est,
1022 1647 1092 1715 quo
1109 1632 1396 1714 temperamento,
1413 1627 1498 1693 dum
1514 1628 1677 1696 Pisonem

560 1733 904 1825 quamacerbissime
925 1734 1129 1814 insectatur,
1155 1756 1175 1800 a
1206 1733 1338 1799 Pisonis
1367 1731 1524 1798 moribus
1550 1733 1678 1823 Epicu·

561 1864 638 1910 reae
661 1840 865 1931 disciplinae
892 1862 1033 1907 causam
1063 1841 1290 1928 separaverit.
1317 1840 1359 1906 Et
1379 1837 1520 1927 quidem
1552 1838 1679 1906 dehac

561 1948 775 2040 sejunctione
787 1949 846 2016 vix
860 1944 991 2036 aliquid
1000 1947 1135 2012 cautius
1148 1944 1376 2034 significabat,
1388 1945 1472 2012 dum
1484 1947 1519 2012 in
1530 1946 1589 2012 illa
1603 1969 1680 2013 ora-

562 2056 656 2122 tione
667 2066 743 2144 post
761 2053 909 2120 reditum
934 2052 971 2118 in
993 2053 1125 2120 Senatu
1143 2051 1260 2119 babila
1282 2053 1330 2119 sic
1350 2051 1495 2131 dicebat,
1519 2053 1679 2119 Pisonem
1779 2049 1782 2054 ’

564 2185 581 2227 r
615 2183 689 2228 esse
718 2160 929 2250 Epicureum
960 2180 1031 2225 non
1066 2159 1206 2247 penitus
1240 2159 1290 2225 illi
1325 2158 1539 2248 disciplinae,
1574 2182 1681 2249 quae-

483 2316 487 2320 -
562 2289 713 2356 cumque
746 2274 849 2345 esset,
875 2265 1043 2352 debitum,
1068 2266 1127 2331 sed
1160 2273 1301 2355 captum
1336 2289 1404 2332 uno
1427 2266 1532 2334 verbo
1557 2266 1682 2356 volup-

565 2374 675 2440 tatis»
688 2373 734 2461 (1)
748 2370 920 2451 3eamdem
940 2372 1180 2459 exceptionem
1197 2372 1299 2460 paulo
1319 2372 1448 2438 clarius
1460 2371 1632 2439 indicabat
1648 2374 1681 2438 iu

565 2502 627 2546 sua
632 2500 698 2567 pro
711 2476 821 2545 Sestio
836 2478 992 2543 oratione
1003 2477 1067 2567 (2),
1081 2475 1140 2543 ubi
1157 2484 1275 2544 tamen
1288 2478 1540 2567 Epicureorum
1556 2478 1684 2545 doctri-

567 2608 647 2652 nam
668 2585 778 2673 magis
792 2585 896 2650 etiam
911 2584 1072 2673 ignorare
1092 2584 1203 2650 videri
1216 2585 1326 2651 voluit
1340 2583 1514 2673 (3),quam
1536 2595 1572 2652 ut
1588 2584 1629 2653 de
1645 2608 1685 2652 ea

568 2688 759 2781 quidquam
777 2691 913 2756 firmius
924 2692 1135 2757 suonomine
1150 2692 1304 2772 afferret3
1319 2692 1355 2758 in
1375 2714 1415 2759 ea
1428 2695 1685 2771 verooratione‚

568 2820 673 2888 quam
689 2799 725 2863 in
742 2797 871 2865 Senatu
890 2795 1197 2864 vehementissime
1217 2799 1253 2864 in
1273 2799 1390 2888 ipsum
1406 2799 1569 2865 Pisonem
1590 2798 1687 2865 babi-

568 2912 638 2971 tam
653 2904 753 2969 initio
768 2904 873 2991 hujus
885 2904 1009 2993 capitis
1020 2906 1479 2982 commem-oravimuS‚han‹:
1492 2906 1687 2973 ineruditae

569 3011 711 3101 Epicuri
728 3011 1303 3099 interpretationiscorrectionem,
1321 3019 1358 3077 ut
1370 3013 1442 3100 ipse
1458 3013 1492 3077 in
1509 3011 1562 3078 bis
1584 3012 1686 3079 rebus

570 3118 706 3184 acutius
726 3116 940 3205 intelligens
962 3118 1181 3206 apertissime
1203 3118 1400 3207 explicavit.
1424 3118 1510 3184 Cum
1533 3120 1625 3185 enim
1655 3120 1685 3186 ei

572 3223 734 3313 perfacile
754 3230 857 3307 esset,
880 3222 1020 3310 hujus«
1049 3224 1267 3313 voluptariae
1295 3252 1310 3286 n
1329 3225 1374 3314 (l)
1390 3225 1567 3293 doctrinae
1580 3253 1595 3286 «
1615 3233 1688 3293 tur-

572 3329 766 3420 pitudinem
787 3329 835 3419 (5)
851 3358 867 3391 »
885 3331 938 3397 vel
952 3330 1199 3421 amplificatam
1233 3334 1268 3398 in
1299 3333 1459 3397 Pisonem
1485 3331 1690 3421 simpliciter

572 3444 783 3515 convertere,
800 3435 891 3502 banc
915 3435 1134 3505 subtiliorem
1149 3438 1285 3505 inimici
1300 3441 1354 3504 sui
1370 3437 1571 3528 increpandi
1588 3440 1691 3505 ratio-

572 3565 653 3611 nem
669 3542 818 3624 induxit,
840 3551 880 3609 ut
901 3545 1114 3623 admoneret,
1133 3567 1269 3612 cumea
1286 3552 1479 3635 praecepta,
1495 3568 1583 3633 quae
1597 3546 1691 3614 vitiis

506 3724 508 3727 ¹
574 3648 912 3739 suispraetenderet,
929 3650 965 3717 in
986 3654 1201 3742 pejusquam
1217 3653 1391 3740 quomodo
1420 3652 1569 3741 intelligi
1588 3650 1691 3720 debe·

575 3765 652 3825 rent
663 3779 726 3847 pro
736 3762 882 3825 naturae
895 3780 977 3825 suae
993 3759 1127 3825 malitia
1137 3759 1404 3848 interpretatum
1418 3782 1504 3826 esse.
1523 3760 1573 3826 Ex
1594 3760 1691 3842 locis,

484 3869 486 3874 ’
575 3888 663 3955 quos
679 3888 721 3933 ex
735 3888 776 3932 ea
790 3866 946 3932 oratione
960 3872 1139 3954 excerptos
1151 3888 1256 3955 supra
1270 3865 1453 3933 retulimus
1463 3868 1521 3952 (6),
1535 3866 1693 3956 judicare

573 3971 975 4063 licet‚quomod0‚quem
986 3972 1166 4062 Epicureis
1182 3972 1391 4061 quibusdam
1405 3972 1533 4040 scholis
1544 3972 1693 4040 dedecus

576 4102 680 4147 suum
705 4085 963 4169 praetexentem
984 4101 1045 4167 per
1073 4078 1266 4145 ludibrium
1293 4078 1477 4146 inducebat
1494 4080 1555 4169 (7),
1579 4080 1692 4147 eidem

608 4301 640 4363 (1)
653 4301 716 4349 Post
728 4301 845 4349 reditum
858 4299 887 4348 in
896 4313 962 4359 sen,
975 4299 1019 4347 14:
1035 4300 1186 4361 sequuntur
1197 4311 1305 4360 eaquae
1317 4311 1398 4361 supra
1410 4297 1553 4347 retulimus
1565 4313 1570 4347 :
1585 4315 1596 4344 «
1609 4298 1696 4348 Habet

577 4374 668 4421 autem
682 4372 860 4435 magistros...
878 4372 944 4419 etc...
961 4388 972 4412 υ

608 4443 641 4505 (2)
656 4444 686 4491 23
702 4458 707 4488 :
724 4442 754 4491 V.
770 4443 862 4505 ipsum
884 4442 976 4490 locum
991 4454 1072 4503 quem
1086 4440 1264 4503 retulimusp.
1277 4443 1323 4489 96:
1340 4461 1383 4489 «...
1401 4442 1479 4503 cujus
1491 4442 1656 4505 (voluptatis)
1670 4443 1696 4491 et

577 4528 631 4578 quo
643 4516 764 4578 tempore
779 4516 806 4562 et
820 4528 873 4576 quo
888 4512 979 4571 modo,
993 4526 1050 4561 non
1065 4512 1264 4575 quaerebat...»

609 4586 644 4647 (3)
657 4606 680 4633 α.
699 4623 705 4635 .
721 4585 861 4635 Laudabat
875 4584 955 4633 homo
966 4583 1062 4633 doctus
1074 4583 1250 4647 philosophos
1265 4585 1357 4633 nescio
1371 4598 1493 4648 quos...»

612 4657 644 4719 (4)
658 4656 696 4706 Cf.
714 4657 743 4705 in
762 4656 813 4705 Pis.
827 4659 873 4704 42:
892 4676 902 4699 «ι
919 4656 965 4704 isti
979 4655 1020 4704 tui
1031 4655 1176 4717 voluptarii
1191 4656 1314 4705 Graeci...
1332 4673 1343 4701 n
1423 4672 1425 4675 >

611 4729 644 4791 (5)
658 4728 733 4778 Sicut
751 4728 831 4791 paulo
843 4730 905 4777 ante
920 4728 948 4776 in
961 4741 999 4775 or.
1014 4728 1041 4774 Ρ.
1054 4725 1152 4785 Coelio,
1169 4726 1249 4785 tl,de
1266 4728 1397 4790 Epicurea
1411 4727 1534 4778 doctrina
1548 4729 1697 4791 iudicabat,

580 4798 734 4863 ecquidem
750 4800 869 4849 severius
885 4797 957 4861 quod
972 4812 1019 4861 per
1029 4797 1110 4847 Caelii
1138 4797 1326 4847 defensionem
1339 4798 1507 4862 voluptariae
1520 4802 1591 4850 vitae
1607 4804 1697 4865 patro·

580 4871 683 4920 oinium
696 4870 756 4934 ipse
771 4872 908 4934 suscipere
923 4869 1008 4919 videri
1024 4871 1138 4931 poterat.
1156 4868 1206 4928 (Cf.
1223 4868 1287 4919 ibid.
1304 4871 1353 4931 39.)

612 4943 647 5004 (6)
665 4942 744 4991 Initio
758 4943 841 5006 hujus
857 4942 962 5005 capitis,
978 4955 1004 5005 p.
1016 4943 1045 4989 86
1061 4943 1088 4990 et
1102 4942 1186 4989 88-89.

615 5016 647 5077 (Ἰ)
663 5012 743 5063 Velut
756 5014 833 5062 59-60
854 5015 883 5062 66
896 5012 972 5076 (locis
988 5025 1069 5075 supra
1084 5011 1252 5073 designatis).
