4467 6167
1024 819 1202 886 „92-

559 986 709 1054 maxime
737 986 841 1053 certis
863 986 1008 1073 locisil)
1037 994 1194 1076 spectare
1224 984 1442 1070 viderentur,
1473 1026 1512 1035 —
1539 988 1568 1054 is
1593 986 1679 1053 nihil

554 1093 627 1184 jam
646 1091 806 1179 babebat,
834 1095 951 1160 curin
982 1090 1235 1183 posterioribus
1259 1092 1478 1160 orationibus
1508 1116 1527 1159 a
1552 1093 1679 1183 produ·

556 1199 673 1267 condis
694 1198 746 1265 bis
770 1199 895 1266 studiis
928 1198 1130 1267 abstineret.
1168 1197 1298 1288 quibus
1327 1207 1498 1288 quantum
1534 1200 1679 1267 eumad

559 1307 744 1375 utilitatem
766 1314 838 1372 tum
856 1307 905 1374 'ad
924 1306 1190 1373 delectationem
1217 1308 1262 1391 (2)
1278 1304 1457 1383 tribueret,
1480 1314 1554 1373 tam
1580 1308 1679 1397 plane

557 1414 835 1505 signiticavisset.
860 1414 928 1480 Nec
965 1435 1048 1480 vero
1078 1413 1268 1502 disputatio
1296 1418 1416 1480 nostra
1442 1414 1679 1502 persingulas

557 1524 731 1589 orationes
746 1521 845 1587 uobis
858 1522 906 1587 ita
931 1516 1134 1585 deducenda
1152 1517 1303 1601 videtur,
1336 1526 1373 1584 ut
1387 1541 1448 1608 per
1467 1541 1526 1585 eas
1542 1520 1596 1586 vel
1614 1523 1677 1587 mi·

556 1629 742 1695 nutissima
774 1628 868 1703 talis,
898 1625 1037 1716 qualem
1052 1624 1214 1702 dicimus,
1232 1622 1439 1692 eruditionis
1461 1628 1678 1715 vestigiaaut

557 1733 703 1801 ornandi
728 1734 905 1801 autetiam
923 1731 1063 1822 jocandi
1079 1753 1185 1798 causa
1205 1732 1375 1820 impressa
1397 1755 1675 1821 persequamur:

558 1841 653 1908 velut
691 1843 725 1907 in
764 1841 920 1907 oratioue
962 1861 1026 1927 pro
1062 1841 1099 1903 Ρ.
1131 1837 1231 1904 Sulla
1269 1846 1386 1905 noster
1418 1849 1539 1907 orator
1575 1870 1590 1903 «
1627 1866 1678 1910 re-

557 1967 664 2035 guum
687 1979 699 2003 ιι
725 1946 790 2012 sibi
816 1945 858 2012 ab
882 1952 1081 2012 accusatore
1108 1944 1283 2033 objectum
1325 1945 1373 2035 (3)
1407 1946 1442 2011 111
1466 1948 1613 2015 stoicam
1638 1950 1677 2017 de

559 2076 639 2120 vero
655 2076 734 2142 rege
752 2053 799 2142 (4)
826 2052 1150 2141 interpretationem
1170 2052 1278 2119 facete
1302 2052 1525 2121 convertebat
1542 2056 1602 2145 (5),
1621 2062 1675 2123 aut

559 2161 593 2225 in
614 2159 756 2227 exordio
772 2159 939 2226 orationis
952 2181 1015 2247 pro
1028 2159 1131 2224 Rullo
1145 2156 1283 2225 habitae
1298 2159 1338 2225 ad
1357 2159 1572 2228 laudandum
1587 2163 1677 2229 litte-

559 2270 667 2334 ratius
701 2268 763 2334 Cn.
798 2266 1003 2355 Pompeium
1038 2265 1202 2333 utebatur
1241 2266 1304 2333 hac
1350 2268 1456 2334 stoica
1490 2272 1673 2351 sententia,

558 2396 663 2463 quam
683 2376 715 2441 in
751 2382 883 2441 tantum
908 2373 1008 2440 illum
1038 2373 1154 2439 virum
1183 2374 1366 2461 aptissime
1396 2373 1519 2441 cadere
1550 2376 1674 2454 aiebat,

557 2483 639 2561 101,
687 2482 746 2569 qui
803 2501 924 2546 omues
980 2479 1099 2545 auimo
1155 2480 1304 2547 virtutes
1340 2482 1479 2569 penitus
1518 2504 1676 2573 compre-

561 2586 752 2665 bendissct,
787 2587 916 2666 omnia,
948 2608 1036 2674 quae
1065 2586 1205 2663 faceret,
1235 2594 1326 2653 recte
1340 2608 1375 2653 se
1402 2586 1610 2674 dare›(iit;
1643 2630 1676 2638 -

557 2716 668 2783 neque
690 2716 752 2759 nos
768 2693 988 2760 conteremus
1008 2690 1051 2758 ad
1073 2692 1263 2760 aridiorem
1283 2692 1503 2782 diligentiam
1533 2717 1676 2786 perpen-

555 2799 670 2872 dendi,
693 2800 733 2866 ad
752 2800 890 2888 qualem
906 2797 1175 2888 argumentandi
1196 2799 1384 2866 utilitatem
1399 2801 1507 2867 autin
1522 2803 1676 2869 oratioue

554 2930 616 2996 pro
633 2910 680 2972 ll.
708 2918 834 2973 10111110
856 2907 903 2995 (1)
926 2904 1156 2995 Pythagoram
1187 2912 1247 2971 aut
1274 2905 1495 2973 Platonem«
1528 2916 1675 2975 mortem

556 3014 603 3080 ita
621 3012 811 3094 laudantes,
834 3019 869 3079 ut
887 3013 1008 3101 fugere
1029 3014 1137 3078 vitam
1154 3018 1272 3079 vetent
1291 3039 1303 3073 1
1324 3014 1377 3099 (8),
1397 3014 1595 3103 protulerit,
1619 3023 1675 3082 aut

557 3122 592 3187 in
607 3121 647 3186 ll.
661 3121 873 3187 Caeliicausa
895 3118 1033 3186 brevem
1046 3118 1233 3208 quamdam
1250 3141 1454 3203 graecarum
1468 3120 1509 3188 de
1522 3123 1676 3189 moribus

556 3227 791 3295 doctrinarum
824 3225 1093 3315 descriptionem
1125 3225 1549 3316 introduxerit‘quarum
1579 3252 1676 3319 prae-

587 3471 618 3527 (1)
635 3470 663 3517 Ρ.
675 3467 764 3527 atreb,
780 3469 902 3517 1415-16.

585 3543 616 3600 (2)
634 3541 669 3588 De
684 3539 799 3588 utilitate
815 3539 912 3589 dicitur
928 3540 957 3588 in
968 3542 1071 3590 oratP.
1083 3538 1175 3598 decb„
1195 3540 1382 3600 13-15,deiude
1396 3541 1428 3591 de
1441 3541 1629 3602 delectatione,
1639 3546 1675 3592 16.

583 3615 617 3671 (3)
634 3612 662 3659 Ρ.
678 3609 765 3665 Sulla,
783 3612 808 3658 21
828 3626 834 3659 :
850 3631 860 3652 «
871 3612 916 3659 hic
929 3611 967 3660 ait
984 3625 1012 3661 se
1029 3610 1200 3676 illeregnum
1215 3625 1308 3662 meum
1324 3612 1391 3662 serre
1406 3627 1462 3662 non
1472 3628 1583 3677 posse...
1601 3634 1613 3661 u

585 3684 616 3744 (4)
632 3683 791 3744 Quanquam
806 3682 872 3730 haec
885 3681 980 3731 eadem
991 3681 1045 3732 lere
1056 3682 1127 3747 apud
1139 3684 1284 3745 Epicureos
1297 3683 1472 3743 dicebantur;
1485 3685 1531 3734 sed
1542 3689 1573 3735 nt
1593 3687 1677 3736 stoica

555 3754 671 3802 maxime
686 3753 856 3812 terebantur,
870 3753 905 3802 cs.
932 3755 968 3801 De
981 3754 1078 3815 ninia,
1093 3755 1138 3809 lll,
1163 3757 1257 3813 ‘te-763
1274 3756 1316 3814 IV,
1332 3758 1355 3814 1,
1378 3758 1407 3803 u
1424 3770 1430 3815 ;
1450 3757 1479 3804 Ρ.
1507 3758 1629 3816 Murena,
1647 3760 1675 3806 61

555 3827 586 3886 (1.
603 3862 607 3872 .
625 3825 815 3873 siservitutem
830 3826 958 3884 serviant,
976 3840 1054 3889 reges
1070 3827 1133 3886 »...l.
1478 3870 1480 3874 ,

585 3896 653 3956 (5)1’
683 3893 809 3948 Sullam
826 3912 831 3942 :
851 3913 872 3943 1.
888 3933 895 3945 ,
911 3894 1049 3945 nisilorte
1065 3897 1170 3959 regium
1194 3895 1242 3944 11111
1270 3896 1376 3947 videtur
1392 3899 1430 3948 ita
1457 3899 1555 3958 vivere,
1572 3904 1602 3950 ut
1620 3915 1677 3949 non

554 3966 635 4015 modo
651 3966 754 4015 homini
769 3967 880 4025 nemini,
895 3966 941 4015 sed
952 3980 986 4016 110
999 3966 1139 4031 cupiditati
1157 3966 1267 4029 quidem
1276 3967 1325 4016 ulli
1341 3971 1472 4028 servias,..
1491 3973 1573 4021 etc...
1586 3972 1612 4020 Si
1625 3972 1677 4021 hoc

554 4040 634 4101 putas
647 4052 707 4087 esse
720 4038 833 4100 regium,
849 4051 892 4087 me
906 4051 999 4102 regem
1014 4052 1073 4087 esse
1084 4039 1249 4088 confiteor...
1267 4058 1278 4083 u

587 4111 618 4172 (6)
633 4111 654 4157 Ρ
674 4109 761 4167 Balio,
775 4111 788 4156 3
801 4110 953 4173 (Pompeius
966 4124 1013 4173 pro
1024 4109 1106 4159 Balbo
1123 4110 1220 4158 cliente
1233 4124 1282 4159 suo
1298 4113 1360 4159 ante
1375 4111 1530 4162 Ciceronem
1543 4113 1655 4175 dixerat)
1670 4130 1676 4174 ;

554 4183 586 4229 ct.
605 4180 701 4229 Tuscul
717 4220 722 4238 ,
738 4182 778 4238 lv,
793 4184 863 4229 36.--
877 4182 919 4230 Sic
932 4181 1051 4230 etiamin
1065 4181 1243 4238 orationihus
1256 4182 1492 4245 quarumalteram
1503 4197 1551 4247 pro
1565 4184 1597 4233 Μ.
1607 4185 1677 4233 Μο1-

553 4251 619 4301 cello
635 4253 663 4300 in
677 4255 782 4309 senatu,
799 4253 912 4301 alteram
928 4267 976 4316 pro
987 4266 1048 4316 rege
1063 4253 1187 4314 Deiotaro
1203 4253 1274 4302 intra
1287 4254 1411 4317 parietes,
1424 4253 1456 4302 ad
1472 4254 1614 4304 Caesarem
1628 4256 1678 4306 ha-

554 4323 666 4381 buit,ea
690 4324 878 4372 introducebat
906 4323 1347 4386 (1110Μο1·0.,9;-Ρ101)1]’01.,
1373 4324 1472 4384 31;01.
1499 4325 1577 4385 111110,
1594 4341 1618 4389 p.
1636 4329 1676 4385 98,

554 4407 580 4443 n.
595 4395 627 4456 5),
644 4408 711 4457 quae
722 4395 847 4458 quamvis
865 4395 980 4443 breviter
996 4394 1150 4456 significata
1168 4393 1201 4442 ad
1218 4395 1294 4443 illam
1309 4396 1465 4444 institutam
1481 4397 1549 4445 inter
1559 4398 1677 4460 pbiloso-

552 4466 620 4529 phos
631 4464 662 4513 de
676 4478 783 4514 summo
798 4465 869 4514 bono
885 4465 1088 4513 contentionem
1114 4466 1247 4527 pertinere
1262 4466 1462 4516 eruditissimus
1475 4468 1590 4518 dictator
1605 4472 1677 4519 recte

553 4536 739 4585 intellecturus
755 4540 826 4585 esset

586 4610 617 4669 (i)
634 4609 662 4655 P.
674 4608 774 4656 Scauro
790 4608 861 4670 (huic
871 4606 986 4655 orationi
999 4605 1085 4655 multa
1099 4606 1217 4670 desunt),
1231 4621 1288 4671 cap.
1304 4611 1327 4666 4,
1344 4636 1372 4642 -
1386 4608 1433 4657 uhi
1443 4610 1474 4658 ad
1488 4610 1676 4660 disserendum

555 4679 586 4728 dc
601 4682 685 4728 morte
703 4679 855 4727 voluntaria
876 4679 935 4741 ipsa
947 4678 1121 4726 accusatione
1137 4678 1227 4726 Cicero
1245 4677 1436 4728 adducebatur.
1449 4708 1479 4716 -
1493 4682 1589 4730 Statim
1603 4686 1676 4734 ante,

555 4751 613 4814 ipsa
628 4751 746 4800 Socratis
756 4751 783 4798 in
794 4751 933 4799 Phaedone
948 4748 1051 4797 inducti
1072 4748 1104 4797 de
1129 4751 1216 4797 morte
1240 4750 1375 4797 sententia
1394 4751 1479 4799 relata
1500 4755 1550 4809 est,
1567 4757 1678 4815 propter

554 4822 708 4885 exemplum
723 4821 888 4871 Cleombroti
915 4820 1112 4876 Ambraciotae,
1130 4821 1174 4882 qui
1201 4820 1349 4882 posthunc
1372 4819 1473 4870 lectum
1491 4822 1629 4885 dialogum
1647 4839 1677 4873 se

555 4907 587 4941 ex
600 4893 731 4941 altissimo
748 4893 939 4956 praecipitasse
955 4905 1032 4940 muro
1057 4890 1194 4939 terebatur
1216 4890 1292 4949 thaec
1313 4891 1402 4939 omnis
1416 4906 1478 4953 pars
1494 4895 1627 4942 orationis
1641 4894 1676 4942 ad

556 4963 732 5012 minuendam
748 4965 826 5012 testis
838 4965 897 5013 „tris
910 4964 1098 5012 auctoritatem
1114 4961 1234 5024 spectat),
