4467 6167
963 832 1107 897 ..9-

473 994 666 1069 tutaietur:
685 998 769 1067 dum
795 1000 889 1067 enim
918 999 1079 1088 inprimi
1108 998 1189 1065 libri
1231 1000 1408 1088 prooemio
1437 999 1592 1089 proposi-

474 1117 548 1176 tum
565 1130 666 1174 suum
682 1107 843 1196 explieat,
861 1106 1197 1186 Quintum‘fratrem
1217 1107 1398 1195 alloquens
1423 1109 1595 1173 memorat

476 1245 490 1277 «
519 1238 555 1282 se
585 1236 840 1302 nonnunquam
878 1213 940 1280 hac
971 1212 1011 1279 de
1033 1235 1069 1279 re
1090 1211 1132 1279 ab
1161 1235 1201 1280 eo
1233 1214 1267 1278 in
1299 1211 1593 1302 disputationibus

475 1321 659 1389 dissentire
677 1320 800 1401 solere,
819 1320 910 1409 quod
927 1319 1313 1408 ipsceruditissimorccm
1347 1319 1520 1385 dominum
1537 1342 1593 1385 ar-

476 1429 563 1496 tibus
583 1426 813 1517 cloqiceatiom
847 1425 1013 1493 contineri
1048 1439 1189 1511 statuat,
1215 1428 1244 1493 is
1279 1434 1396 1494 autem
1431 1427 1529 1492 illam
1551 1426 1594 1493 ab

475 1534 646 1623 elegantia
661 1533 837 1600 doetrinae
857 1532 1108 1621 segregandam
1131 1541 1227 1622 putet
1256 1539 1290 1601 et
1312 1534 1348 1599 in
1378 1533 1527 1623 quodam
1544 1533 1595 1598 in-

474 1642 566 1729 genii
583 1647 687 1730 atque
704 1641 964 1708 exercitationis
979 1662 1106 1728 genere
1129 1639 1323 1727 ponendam
1359 1665 1374 1706 a
1402 1642 1456 1725 (1)
1485 1660 1492 1707 :
1528 1661 1595 1728 qua

475 1749 516 1815 de
538 1770 572 1815 re
587 1741 706 1815 eadem
723 1748 886 1815 Crassum
912 1748 1174 1836 Antoniumque
1190 1770 1250 1837 per
1265 1747 1442 1836 dialogum
1472 1745 1596 1813 deinde

474 1856 674 1922 institutum
691 1854 936 1922 dissentientes
951 1854 1123 1921 videmus.
1140 1856 1254 1944 Atque
1267 1856 1435 1922 continuo
1456 1854 1496 1921 ad
1519 1876 1602 1920 eam¹

475 1962 681 2029 sententiam
707 1985 872 2051 -quam
901 1984 1001 2028 suam
1026 1984 1100 2029 esse
1128 1963 1174 2028 ita
1207 1961 1433 2028 indicavit-
1473 1962 1596 2027 contir-

477 2068 640 2135 mandam
669 2068 734 2135 hoc
755 2075 964 2157 argumento
981 2070 1104 2153 utitur,
1124 2068 1215 2157 quod
1240 2098 1255 2130 a
1278 2070 1396 2159 plures
1418 2069 1453 2133 in
1483 2068 1597 2135 omni·

478 2176 540 2242 bus
560 2175 692 2243 artibus
712 2199 816 2266 quam
830 2180 865 2241 in
886 2175 1030 2242 dicendo
1046 2175 1267 2243 admirabiles
1283 2176 1476 2243 exstiterint
1493 2204 1507 2235 u
1526 2175 1559 2263 (2
1586 2197 1593 2243 :

475 2285 531 2351 oui
552 2285 661 2350 mirae
683 2290 861 2351 oratorum
885 2286 1050 2373 paucitati
1071 2283 1105 2350 id
1130 2306 1254 2351 causae
1277 2306 1351 2351 esse
1371 2283 1481 2361 docet,
1504 2281 1596 2371 quod

479 2419 493 2451 ιι
517 2390 728 2480 expluribus
743 2390 876 2457 artibus
891 2390 1085 2480 studiisque
1101 2420 1116 2452 »
1140 2392 1338 2480 eloquentia
1361 2397 1509 2471 constet,
1530 2419 1544 2450 a
1560 2391 1597 2455 in

476 2496 605 2587 quibus
625 2498 774 2586 singulis
790 2497 968 2565 elaborare
982 2520 1213 2587 permagnum
1232 2498 1276 2565 sit
1300 2529 1311 2558 ›:
1329 2497 1479 2587 (attam
1500 2519 1595 2576 vero,

478 2609 659 2692 postquam
689 2602 989 2670 hancstudiorum
1009 2604 1214 2671 varietatem
1253 2602 1404 2672 breviter
1446 2603 1597 2692 expliea-

476 2710 527 2776 vit
546 2709 602 2799 (l),
622 2709 750 2798 quibus
770 2717 944 2777 oratorem
962 2710 1171 2776 instructum
1188 2731 1263 2776 esse
1290 2709 1365 2776 vult
1387 2708 1452 2799 (eis
1481 2714 1596 2774 autem

476 2815 725 2883 enumerandis
761 2815 1005 2905 philosophiae
1037 2839 1153 2895 suum,
1189 2822 1222 2882 et
1259 2815 1414 2904 primum
1440 2814 1595 2904 quidem,

477 2922 594 2987 locum
610 2921 792 3009 assignat),
814 2929 889 2987 tum
902 2944 1074 2987 summam
1089 2922 1280 2988 sententiae
1294 2942 1376 2988 suae
1393 2919 1447 2986 his
1464 2921 1595 3009 planis-

476 3028 576 3095 simis
601 3027 858 3116 verbisoolligit
886 3030 930 3116 (5)
954 3050 960 3094 :
986 3052 1061 3094 r...
1093 3030 1144 3095 Ao
1161 3051 1236 3095 mea
1249 3028 1391 3118 quidem
1426 3028 1597 3094 sententia

480 3163 494 3191 «
524 3156 624 3200 nemo
641 3135 767 3222 poterit
792 3156 865 3200 esse
890 3135 985 3200 omni
1022 3134 1124 3200 laude
1155 3134 1353 3200 cumulatus
1378 3140 1507 3212 orator,
1529 3133 1598 3198 nisi

480 3271 493 3301 a
521 3222 621 3307 erit'o
638 3241 759 3307 unium
784 3263 902 3307 rerum
924 3262 1131 3329 magnarum
1144 3246 1247 3329 atque
1267 3241 1396 3307 artium
1418 3241 1598 3306 scientiam

478 3376 494 3408 «
523 3354 764 3414 consecutus»
784 3371 792 3429 3
812 3348 899 3415 hanc
915 3355 1029 3416 autem
1055 3348 1203 3416 oratoris
1220 3349 1319 3437 quasi
1350 3348 1536 3414 formulam
1562 3348 1597 3411 in

477 3455 651 3521 forensem
685 3455 919 3545 eloquentiam
948 3455 1069 3523 eadere
1106 3456 1181 3544 ipse
1210 3456 1325 3522 statim
1353 3454 1595 3544 significat(6)‚

477 3584 582 3652 quam
595 3561 737 3651 quidem
749 3562 855 3628 solam
870 3564 903 3628 in
918 3560 1158 3652 praesentibus
1169 3561 1267 3629 libris
1283 3585 1319 3629 se
1332 3563 1596 3652 complexurum

477 3692 552 3736 esse
591 3669 774 3758 profitetur
816 3670 880 3759 (7),
906 3711 937 3718 -
975 3691 1177 3759 quanquam
1199 3669 1291 3737 idem
1321 3672 1369 3737 ait
1389 3668 1454 3735 sibi
1487 3668 1599 3738 videri

478 3804 492 3836 α
512 3776 584 3844 vim
604 3776 753 3843 oratoris
772 3776 1095 3867 professionemque
1122 3778 1234 3867 ipsam
1255 3777 1342 3844 bene
1362 3776 1497 3843 dicendi
1533 3776 1599 3843 hoc

477 3883 655 3972 suscipere
668 3905 707 3949 ae
723 3884 890 3971 polliceri,
904 3890 942 3950 ut
958 3885 1052 3951 omni
1072 3883 1113 3951 de
1130 3906 1178 3966 re,
1202 3906 1442 3973 quaecumque
1462 3885 1506 3950 sit
1522 3906 1599 3973 pro-

478 3990 786 4079 posita‚ornateab
811 4014 851 4058 eo
871 3992 1079 4081 copioseque
1100 3991 1236 4058 dicatur
1251 4021 1265 4052 »
1287 3991 1347 4082 (8).

523 4097 581 4164 Sic
601 4096 769 4165 hahemus
789 4099 823 4163 in
845 4099 1077 4187 totiusoperis
1092 4098 1270 4187 prooemio
1294 4096 1446 4164 breviter
1459 4096 1600 4164 conclu-

478 4226 552 4271 sam
567 4226 643 4271 eam
658 4205 843 4284 rationem,
864 4227 968 4294 quam
983 4204 1025 4271 ad
1054 4204 1268 4272 dilatandam
1288 4204 1599 4293 explicandamque

478 4333 604 4399 magna
621 4333 700 4400 pars
715 4311 844 4399 dialogi
856 4312 948 4378 inter
963 4312 1125 4378 Crassum
1148 4318 1181 4377 et
1208 4312 1399 4378 Antonium
1419 4311 1466 4377 ita
1482 4310 1599 4377 distri-

478 4416 562 4483 buta
592 4423 656 4498 est,
678 4424 715 4483 ut
737 4416 821 4484 haec
846 4417 888 4484 ab
916 4419 991 4507 ipso
1011 4418 1055 4485 M.
1083 4418 1197 4485 Tullio
1221 4418 1425 4485 summatim
1445 4418 1598 4506 primum

510 4693 545 4755 (l)
559 4694 597 4743 Ite
614 4693 699 4750 Orat..
713 4693 760 4744 lib.
779 4696 798 4753 l,
814 4697 837 4744 5.

509 4764 544 4826 (2)
562 4764 638 4823 lhid.‚
653 4768 676 4813 6.

510 4836 546 4896 (3)
556 4839 583 4885 et
596 4838 629 4898 (l)
642 4835 719 4896 lhid.‚
736 4838 818 4886 lare.

511 4910 544 4969 (5)
559 4908 636 4958 lbid..
653 4910 691 4956 20.

514 4982 547 5043 (6)
565 4981 598 5044 (Ἰ)
611 4984 638 5030 et
654 4981 687 5044 (8)
703 4982 741 5029 Dc
758 4981 800 5030 Or.
817 4982 837 5042 1,
853 4984 943 5043 21-23;
957 4981 991 5031 cl.
1005 4983 1038 5043 ll,
1049 4985 1129 5033 6942.
