4467 6167
1119 904 1296 969 ..52-

684 1073 776 1138 Quam
792 1071 886 1127 multa
898 1071 941 1126 illi
964 1072 1000 1127 de
1020 1088 1052 1127 re
1079 1071 1198 1143 publica
1224 1073 1418 1143 scripserunt,
1435 1089 1525 1143 quarn
1538 1076 1631 1131 multa
1647 1077 1683 1132 de
1696 1077 1771 1150 legi-

648 1161 716 1215 busl
740 1177 830 1231 quam
843 1159 938 1216 multa
957 1177 1017 1215 non
1033 1161 1130 1215 solum
1145 1166 1304 1232 praecepta
1315 1162 1346 1215 in
1360 1163 1483 1231 artibus,
1505 1165 1658 1220 sedetiam
1671 1180 1771 1221 exem-

646 1250 739 1321 plain
753 1251 938 1305 orationibus
953 1251 1029 1305 bene
1043 1250 1160 1304 dicendi
1170 1248 1373 1319 reliquerunt!
1389 1251 1522 1307 Primum
1532 1254 1613 1308 enim
1627 1254 1691 1326 ipsa
1706 1255 1769 1324 illa,
1831 1263 1833 1269 '

647 1357 723 1411 quae
739 1340 888 1395 subtiliter
903 1339 1076 1393 disserenda
1091 1344 1189 1407 erant,
1203 1338 1294 1408 polite
1316 1344 1443 1409 apteque
1456 1340 1597 1394 dixerunt
1615 1345 1678 1395 tum
1695 1342 1770 1396 deli-

646 1429 762 1484 nientes
775 1435 840 1483 tum
859 1429 1032 1498 partientes,
1049 1433 1082 1482 ut
1090 1428 1288 1492 vestrietiam
1311 1428 1360 1499 (1),
1377 1428 1430 1482 sed
1442 1445 1494 1482 vos
1514 1428 1691 1499 squalidius
1703 1429 1770 1485 illo·

646 1535 714 1573 rum
725 1518 808 1572 vides
823 1533 912 1587 quam
930 1518 1023 1571 niteat
1037 1517 1149 1571 oratiol
1171 1517 1282 1572 Deinde
1298 1533 1343 1583 ea,
1360 1532 1436 1587 quae
1453 1518 1645 1587 requirebant
1658 1520 1767 1575 oratio·

646 1622 716 1662 nem
730 1612 865 1662 ornatam
879 1612 907 1661 et
931 1623 1059 1679 gravem,
1077 1622 1168 1676 quam
1184 1606 1341 1679 magnifice
1357 1611 1426 1661 sunt
1442 1607 1520 1661 dicta
1532 1608 1569 1661 ab
1584 1606 1653 1675 illis,
1675 1626 1767 1679 quam

645 1696 814 1766 splendide!
837 1697 873 1751 de
895 1696 1022 1767 justitia,
1035 1696 1070 1749 de
1094 1696 1302 1765 temperantia,
1320 1696 1355 1750 de
1370 1695 1557 1762 fortitudine,
1574 1698 1766 1763 deamicitia,

645 1786 681 1839 de
711 1790 805 1839 aetate
834 1785 976 1855 degenda,
994 1785 1028 1839 do
1040 1784 1238 1855 philosophia,
1257 1785 1293 1839 de
1318 1786 1500 1854 capessenda
1514 1786 1689 1856 republica,
1712 1789 1767 1841 bo-

646 1874 761 1929 minum
782 1890 836 1929 nec
860 1874 961 1944 spinas
974 1873 1159 1941 vellentium,
1181 1880 1214 1928 ut
1229 1874 1328 1941 Stoici,
1345 1890 1401 1928 nec
1417 1890 1484 1929 ossa
1509 1875 1698 1943 nudantium,
1714 1878 1767 1931 sed

646 1979 761 2030 eorum,
777 1964 828 2034 qui
846 1963 972 2035 grandia
984 1969 1088 2017 ornate
1101 1962 1223 2031 vellent,
1241 1964 1396 2017 enucleate
1411 1963 1528 2018 minora
1543 1964 1640 2019 dicere
1656 1964 1729 2036 (2)...

690 2127 747 2194 Sic
769 2128 992 2217 praecipuam
1013 2125 1221 2193 Academiae
1247 2126 1289 2194 ad
1312 2132 1485 2194 oratorem
1510 2128 1765 2195 instituendum

644 2234 983 2302 commendationem
1004 2234 1040 2299 in
1060 2255 1100 2300 eo
1122 2234 1203 2323 poni
1226 2232 1399 2316 videmus
1418 2234 1509 2322 quod
1523 2235 1565 2301 ab
1583 2234 1766 2303 Academi-

642 2364 764 2409 corum
792 2339 1007 2431 principibus
1031 2340 1226 2407 disserendi
1250 2363 1321 2408 non
1349 2340 1526 2408 dialectice
1549 2341 1677 2424 solum,
1704 2345 1764 2411 sed

643 2451 748 2516 etiam
762 2449 912 2515 oratorie
930 2454 1112 2542 praecepta
1126 2487 1169 2495 —
1184 2455 1218 2514 et
1234 2448 1392 2537 exempla
1409 2446 1513 2513 simul
1532 2488 1569 2498 -
1586 2450 1765 2518 traderen-

642 2563 699 2623 tur
727 2559 784 2641 (3),
805 2566 886 2622 cum
914 2562 1034 2621 contra
1067 2555 1173 2621 Stoici
1194 2561 1341 2644 anguste
1361 2554 1555 2623 disserendi
1581 2566 1654 2626 arte
1681 2583 1764 2629 sane

642 2664 873 2729 eminuissent
887 2664 1008 2750 (quam
1024 2659 1067 2728 ob
1082 2684 1223 2728 causam
1242 2695 1254 2719 «ι
1275 2661 1447 2729 dialectici
1466 2691 1481 2723 »
1499 2664 1521 2729 ii
1541 2666 1762 2754 potissimum

643 2770 724 2836 dicti
751 2770 941 2859 010111)(1),
967 2768 1024 2835 sed
1057 2768 1162 2835 iidem
1188 2769 1389 2858 disputandi
1416 2769 1601 2838 subtilitati
1623 2776 1763 2863 copiose

642 2875 776 2942 dicendi
792 2876 1074 2942 exercitationem
1085 2897 1154 2941 non
1167 2875 1409 2965 adjunxissent
1439 2877 1507 2944 Nec
1522 2900 1604 2946 vero
1617 2879 1662 2946 M.
1681 2882 1762 2947 Tul-

643 2982 721 3063 lius,
735 2982 818 3072 quia
834 2983 869 3048 in
887 2981 951 3048 hoc
967 2982 1043 3071 ipso
1059 2989 1182 3072 quarto
1198 2981 1240 3047 de
1253 2982 1392 3049 Finibus
1411 2983 1501 3050 libro
1517 2985 1562 3075 (5)
1579 2985 1620 3053 de
1636 2986 1762 3055 Stoicis

641 3090 732 3157 hanc
748 3089 933 3158 Carneadis
953 3090 1155 3180 opinionem
1173 3088 1219 3179 (6)
1241 3089 1308 3155 sibi
1324 3092 1482 3171 assumit,
1506 3118 1521 3152 α
1538 3092 1573 3157 111
1587 3095 1684 3158 0111111
1700 3094 1762 3161 bac

642 3200 855 3287 quaestione,
878 3220 966 3286 quae
994 3195 1156 3263 debonis
1181 3203 1215 3263 et
1235 3196 1336 3263 malis
1356 3197 1565 3286 appelletur,
1594 3221 1660 3265 non
1686 3223 1761 3268 esse

640 3306 732 3371 inter
751 3306 885 3371 Stoicos
912 3312 945 3370 et
966 3304 1214 3392 Peripateticos
1237 3326 1354 3370 rerum
1382 3304 1666 3393 discrepantiam,
1685 3308 1758 3390 sed,

640 3412 827 3477 verborum
856 3439 885 3487 »,
907 3410 1035 3503 idcirco
1055 3410 1097 3475 ab
1122 3432 1162 3476 ea
1183 3411 1316 3476 ratione
1337 3410 1554 3493 demovetur,
1576 3434 1681 3502 quam
1699 3439 1760 3505 per

642 3517 757 3585 Crassi
785 3540 968 3607 personam
998 3520 1031 3584 in
1056 3520 1189 3587 Stoicos
1222 3527 1363 3609 propter
1390 3543 1511 3588 eorum
1532 3522 1573 3589 de
1605 3522 1705 3590 bonis
1726 3531 1759 3591 ct

641 3624 742 3690 malis
774 3626 989 3691 sententiam
1012 3626 1209 3693 intenderat
1233 3626 1412 3717 (7);00111
1443 3630 1592 3695 enimin
1621 3638 1759 3698 oratore

642 3731 747 3797 verba
773 3732 923 3798 maxime
944 3740 1156 3821 spectentur,
1186 3733 1245 3799 illa
1265 3757 1285 3800 a
1304 3734 1428 3801 Stoicis
1449 3742 1580 3803 tentata
1597 3764 1612 3797 «
1630 3740 1759 3806 veteris

642 3838 883 3927 philosophiae
902 3841 1069 3906 correctio
1091 3840 1140 3930 (8)
1162 3868 1174 3901 a
1197 3880 1237 3889 -
1254 3846 1293 3906 ut
1308 3842 1450 3908 nomina
1472 3864 1589 3909 rerum
1605 3851 1757 3911 tantum-

640 3944 742 4013 modo
753 3948 1021 4013 commutaverit
1033 3987 1070 3997 -
1088 3947 1322 4014 nihilominus
1338 3970 1377 4015 ea
1391 3950 1623 4033 existimatur,
1638 3978 1653 4012 o
1668 3975 1756 4041 quae

640 4055 782 4121 omnino
798 4055 931 4121 aditum
947 4055 1084 4121 nullum
1100 4053 1227 4122 habere
1245 4056 1353 4143 possit
1367 4057 1403 4121 in
1421 4056 1551 4137 urbem,
1572 4058 1608 4123 in
1624 4057 1755 4142 lorum,

672 4278 705 4340 (1)
718 4278 809 4328 010010
825 4278 955 4327 Catonem
970 4278 1124 4327 Stoicorum
1136 4275 1307 4326 defensorem
1322 4276 1478 4340 alloquitur.

670 4350 707 4411 (2)
721 4349 764 4397 Sic
776 4348 892 4411 legimus
905 4348 1037 4412 scriptum
1049 4348 1077 4395 in
1093 4348 1166 4397 Orat.
1182 4348 1282 4396 100101
1301 4364 1306 4395 z
1323 4368 1334 4391 «
1351 4349 1374 4397 is
1401 4350 1451 4398 erit
1466 4350 1548 4413 igitur
1564 4349 1757 4414 eloquensqui

638 4421 737 4485 poterit
750 4433 833 4483 parva
848 4420 1001 4478 summisse,
1016 4421 1125 4468 modica
1137 4421 1293 4482 temperate,
1307 4432 1407 4483 magna
1417 4422 1535 4483 graviter
1549 4420 1666 4471 dicere...
1682 4443 1693 4466 1

670 4492 703 4555 (3)
719 4490 818 4540 Eadem
830 4490 883 4539 lere
898 4490 995 4539 eodem
1006 4490 1087 4540 modo
1103 4490 1229 4540 dicuntur
1243 4490 1276 4539 de
1290 4492 1435 4541 Academia
1448 4507 1463 4542 a
1477 4494 1576 4542 Pisone
1591 4494 1620 4542 in
1633 4494 1703 4544 libro
1716 4496 1754 4545 De

637 4563 734 4623 rania,
748 4562 778 4622 V,
794 4562 832 4620 10,
848 4564 969 4624 -atque
984 4562 1067 4611 etiam
1083 4562 1113 4611 in
1127 4563 1227 4615 Parcit.
1241 4566 1360 4623 0101011,
1377 4566 1430 4613 139.
1689 4584 1692 4587 ’

670 4636 702 4698 (1)
719 4633 759 4683 cf.
780 4633 865 4691 Orat,
882 4632 944 4693 1143
960 4634 1057 4683 Partit.
1073 4637 1134 4682 orat
1147 4672 1152 4692 ,
1165 4635 1217 4682 139.

669 4708 701 4770 (5)
717 4705 756 4756 01.
773 4719 831 4768 cap.
847 4706 934 4767 2sqq.

668 4779 700 4841 (0)
716 4778 750 4827 Ut
765 4779 876 4839 apparet
891 4790 923 4825 ex
937 4775 1033 4825 libbe
1048 4776 1146 4836 rania,
1165 4777 1210 4836 111,
1222 4779 1263 4837 11;
1281 4777 1405 4827 eamdem
1420 4777 1475 4828 1010
1488 4779 1647 4843 opinionem
1661 4781 1754 4830 Antio·

635 4850 712 4908 chus,
723 4850 752 4897 in
764 4849 823 4911 ipsa
848 4848 993 4897 Academia
1011 4864 1024 4897 u
1042 4848 1194 4898 Stoicorum
1220 4848 1397 4913 adstipulator
1419 4864 1431 4898 11
1455 4850 1504 4913 (01.
1526 4851 1610 4899 Acod.
1637 4853 1703 4915 pet,
1719 4852 1752 4911 ll,

635 4922 684 4983 61),
701 4922 805 4970 tutatus
823 4922 888 4969 erat.

667 4993 701 5053 (1)
718 4992 754 5040 00
771 4992 814 5040 Or.
831 4992 876 5050 Ill,
892 4993 922 5039 00
937 4991 1028 5054 (atque
1043 4993 1063 5053 l,
1081 4992 1145 5041 21οἋ
1162 4991 1200 5041 Cl.
1215 5007 1305 5057 supra,
1319 5007 1345 5056 p.
1359 4995 1396 5042 39.

666 5065 697 5126 (8)
710 5063 753 5113 Sic
770 5062 1002 5126 10001101010010,
1017 5064 1056 5113 De
1069 5063 1166 5122 011110,
1183 5065 1225 5124 IV,
1242 5065 1279 5115 21.
1296 5064 1336 5128 (01
1341 5110 1345 5118 ,
1361 5065 1445 5114 Acod.
1457 5068 1566 5129 poster„
1579 5067 1598 5124 l,
1610 5068 1666 5127 35)
