4467 6167
1022 824 1196 887 ..72-

554 989 746 1085 affectionis
768 989 866 1056 viset
882 999 1037 1055 natura»
1054 986 1260 1077 explicanda
1278 994 1382 1069 esset,
1412 1010 1481 1077 quo
1507 987 1672 1078 impulsus

554 1097 687 1188 aliquid
712 1119 792 1164 reus
814 1096 1030 1164 commisisse
1050 1095 1248 1185 diceretur(
1274 1098 1306 1183 );
1331 1096 1368 1162 in
1390 1094 1589 1186 conjectura
1613 1119 1672 1164 au-

555 1211 640 1285 tem,
655 1226 744 1294 quae
758 1226 799 1271 ex
807 1225 950 1293 persona
966 1211 1160 1294 caperetur,
1178 1203 1393 1287 ostendebat,
1410 1226 1479 1293 qua
1492 1205 1626 1273 ratione
1639 1213 1670 1273 et

554 1318 735 1379 accusator
749 1310 792 1377 ad
820 1338 835 1373 α
858 1308 1012 1378 hominis
1031 1309 1321 1400 improbationem
1345 1342 1360 1372 n
1385 1318 1419 1378 et
1448 1310 1612 1379 defensor
1631 1335 1672 1379 ex

554 1419 729 1486 contrario
749 1416 791 1485 de
816 1418 910 1485 vitiis
929 1416 1041 1507 deque
1057 1439 1180 1485 eorum
1207 1417 1298 1485 inter
1313 1439 1349 1484 se
1369 1417 1538 1486 affinitate
1563 1419 1671 1486 disse-

555 1549 630 1595 rere
645 1525 809 1594 deberent
824 1525 898 1614 (2):
963 1514 965 1518 ’

648 1693 677 1748 Si
697 1692 819 1748 avaritia
841 1691 997 1747 inductum
1022 1707 1130 1765 arguas
1145 1692 1261 1760 fecisse,
1282 1697 1310 1747 et
1329 1707 1448 1749 avarum
1475 1710 1556 1759 eum,
1583 1710 1671 1765 quem

555 1799 687 1847 accuses,
697 1782 902 1837 demonstrare
914 1797 973 1836 non
992 1781 1173 1852 possis,aliis
1183 1780 1462 1837 affinemvitiisesse
1477 1783 1585 1838 doceas
1600 1783 1670 1853 (3)..

554 1871 699 1927 Defensor
712 1876 813 1926 autem
829 1871 956 1935 debebit,
973 1870 997 1925 si
1016 1871 1136 1941 poterit,
1157 1872 1247 1927 vitam
1267 1871 1341 1942 eJ'us,
1362 1871 1413 1942 qui
1436 1871 1670 1942 insimulabitur,

555 1978 644 2033 quam
658 1960 898 2016 honestissimam
910 1960 1147 2017 demonstrare...
1163 1962 1222 2015 Hoc
1238 1966 1337 2015 autem
1351 1960 1449 2031 ipsum
1461 1976 1556 2033 genus
1568 1962 1624 2017 erit
1637 1978 1670 2017 eo

555 2050 681 2115 firmius,
708 2050 732 2103 si
758 2064 792 2104 eo
819 2049 881 2120 ipso
909 2049 940 2104 in
966 2065 1084 2116 genere,
1112 2066 1171 2119 quo
1192 2053 1342 2121 arguetur,
1359 2049 1474 2121 integer
1487 2054 1556 2105 ante
1580 2050 1671 2107 fuisse

555 2138 823 2195 demonstrabitur:
836 2142 869 2192 ut
883 2138 918 2205 si,
933 2154 1001 2194 cum
1010 2138 1149 2193 avaritiae
1166 2153 1256 2193 causa
1269 2137 1373 2194 fecisse
1388 2142 1540 2210 arguatur,
1548 2139 1671 2195 minime

555 2228 636 2283 omni
651 2229 682 2282 in
696 2228 756 2282 vita
770 2227 915 2297 pecuniae
929 2227 1055 2298 cupidus
1068 2227 1159 2282 tuisse
1175 2227 1317 2282 doceatur
1332 2227 1406 2297 (4)...

599 2393 673 2459 Hoc
684 2392 760 2481 ipso
776 2388 1041 2479 argumentandi
1057 2388 1158 2456 modo
1180 2393 1280 2456 utens
1293 2388 1337 2481 (5)
1352 2390 1397 2456 M.
1413 2390 1548 2457 Tullius
1567 2391 1601 2456 in
1615 2390 1672 2458 de-

556 2497 728 2566 fendendo
748 2497 824 2565 Sex.
852 2497 976 2564 Roscio
995 2496 1169 2586 parricidii
1191 2517 1248 2563 reo
1273 2496 1316 2563 ad
1335 2496 1432 2564 illam
1452 2499 1671 2565 notissimam

556 2606 597 2673 de
621 2607 705 2673 tanti
720 2605 883 2672 maleficii
902 2604 1048 2671 crimine
1069 2603 1377 2693 amplificationem
1402 2625 1438 2670 se
1458 2604 1670 2683 conferebat,

556 2735 644 2803 quae
682 2712 822 2779 nonnisi
856 2719 1011 2778 extrema
1044 2718 1141 2800 parte
1174 2732 1194 2776 a
1231 2711 1383 2800 quadam
1417 2712 1671 2779 sententiarum

556 2820 741 2886 moralium
755 2819 801 2908 (6)
818 2818 987 2906 gravitate
1007 2816 1141 2884 adeum
1153 2816 1340 2886 verborum
1354 2818 1453 2907 quasi
1471 2817 1592 2885 iudum
1606 2827 1672 2886 tra-

555 2923 656 2993 ducta
673 2931 736 3010 est,
755 2946 859 3013 quem
875 2924 1140 3015 adisputatione
1156 2931 1273 2991 nostra
1282 2923 1356 3014 jam
1370 2926 1584 2992 semovimus
1600 2926 1669 3016 (7);

556 3033 718 3100 similiter
735 3034 769 3099 in
797 3033 841 3099 Μ.
864 3032 969 3100 Caelii
996 3054 1111 3113 causa,
1131 3052 1212 3098 oum
1234 3030 1273 3097 L.
1296 3032 1513 3098 Herennium
1535 3054 1672 3101 accusa-

555 3147 666 3207 torem
683 3167 697 3201 «
722 3140 832 3206 multa
847 3139 889 3208 de
908 3139 1059 3213 luxurie,
1078 3138 1187 3205 multa
1200 3136 1242 3204 de
1256 3136 1409 3222 libidine,
1434 3139 1545 3205 multa
1559 3139 1601 3207 de
1622 3142 1672 3209 vi-

557 3248 816 3336 tiisjuventutis
834 3275 864 3319 u,
890 3288 929 3297 -
950 3244 1161 3334 judicibus«
1184 3249 1315 3312 attente
1335 3243 1558 3313 audientibus
1580 3274 1611 3326 n,
1636 3289 1665 3297 „

555 3354 683 3421 dixisse
706 3350 921 3419 memorabat
941 3352 1002 3441 (8),
1022 3359 1095 3418 tum
1122 3351 1196 3440 ipse
1212 3350 1254 3418 de
1269 3350 1399 3419 eisdem
1417 3354 1518 3421 rebus
1537 3356 1571 3421 in
1587 3357 1672 3423 aite-

555 3483 630 3529 ram
650 3459 836 3550 partemad
857 3456 1111 3525 extenuandam
1128 3456 1317 3525 adversarii
1333 3463 1670 3547 argumentationem

588 3677 620 3738 (1)
631 3676 669 3726 Gt.
683 3677 720 3724 De
734 3677 836 3724 iuvent.
853 3676 886 3736 11,
900 3677 929 3724 25
953 3676 994 3738 (de
1022 3676 1183 3741 defensore),
1202 3681 1269 3730 etta
1286 3699 1292 3729 ι
1311 3700 1322 3726 «
1342 3682 1410 3745 Ergo
1433 3687 1585 3743 accusator,
1609 3700 1673 3736 cum

554 3747 711 3813 impulsione
732 3746 833 3808 aliquid
849 3746 951 3796 factum
966 3761 1026 3797 esse
1049 3748 1129 3809 dicet,
1142 3750 1223 3800 illum
1237 3752 1370 3815 impetum
1383 3755 1409 3802 et
1435 3754 1582 3818 quamdam
1598 3772 1672 3807 com-

554 3820 705 3870 motionem
723 3819 806 3868 animi
821 3818 1047 3882 affectionemque
1068 3821 1158 3871 verbis
1173 3825 1200 3871 et
1215 3824 1356 3873 sententiis
1371 3826 1537 3890 amplificare
1554 3828 1670 3888 debebit,

555 3895 581 3942 et
596 3891 746 3949 ostendere,
764 3892 916 3954 quantavis
933 3893 968 3941 sit
980 3892 1090 3951 amoris,
1101 3897 1203 3955 quanta
1217 3895 1303 3943 animi
1314 3897 1481 3959 perturbatio
1493 3901 1672 3951 exiraoundia

555 3963 631 4012 fiat...
643 3965 693 4012 etc.
711 3981 722 4004 u
738 3988 767 3997 —-
779 3962 810 4010 V.
827 3961 922 4012 eadem
935 3963 1044 4012 brevius
1061 3966 1088 4012 et
1102 3965 1183 4028 paulo
1199 3966 1278 4015 aliter
1292 3968 1415 4030 exposita
1430 3969 1459 4018 in
1476 3972 1573 4021 Parcit.
1588 3976 1668 4031 orat,

587 4107 618 4168 (2)
634 4106 672 4154 De
683 4105 786 4154 invent.
797 4106 829 4164 il,
843 4107 926 4155 32-3'1.

586 4179 619 4239 (3)
631 4179 658 4225 et
675 4178 706 4239 (4)
719 4176 795 4235 ibid,
812 4179 841 4225 33
856 4179 883 4227 et
899 4179 937 4226 36.

588 4250 619 4310 (5)
636 4248 666 4297 V.
682 4249 734 4297 Pro
747 4247 808 4296 Sex.
824 4249 925 4307 Roscio,
940 4249 1099 4312 praesertim
1115 4252 1155 4309 62,
1168 4252 1212 4310 683
1227 4252 1264 4299 tt.
1318 4311 1320 4315 μ

587 4322 619 4381 (6)
635 4319 715 4368 Velut
725 4318 756 4367 de
772 4334 881 4369 summa
894 4334 981 4383 poena
992 4320 1125 4370 scelerum
1140 4321 1168 4368 in
1181 4334 1275 4370 eorum
1290 4324 1458 4376 conscientia
1469 4328 1569 4390 posita,
1584 4330 1670 4391 64-68;

555 4389 587 4439 de
601 4391 734 4454 sapientia
748 4391 893 4452 majorum,
908 4392 947 4439 70.

588 4463 620 4523 (ἵ)
632 4460 669 4511 uf.
684 4475 776 4524 supra,
788 4476 806 4525 p
826 4462 864 4523 68.

589 4534 620 4596 (8)
632 4534 682 4581 Pro
694 4532 792 4591 Caelio,
804 4534 887 4580 aaut.
903 4534 979 4581 —In
997 4532 1064 4597 ipsis
1084 4536 1116 4585 de
1134 4536 1245 4587 Oratore
1262 4536 1337 4587 libris
1349 4540 1378 4599 (a
1388 4539 1486 4601 quibus
1511 4543 1603 4592 tamen
1620 4544 1672 4593 mi-

555 4606 694 4655 nutiorum
706 4607 919 4668 praeceptorum,
935 4606 1043 4666 quaein
1057 4605 1133 4657 libris
1153 4609 1185 4655 de
1199 4608 1355 4657 Inventione
1368 4615 1539 4674 exposuerat,
1556 4613 1671 4678 diligen-

555 4678 622 4726 tiam
637 4677 758 4733 amovit),
773 4675 921 4724 Antonium
937 4675 968 4724 de
982 4676 1081 4727 talibus
1095 4678 1161 4728 locis
1177 4679 1329 4729 inserendis
1349 4682 1387 4730 ita
1414 4681 1593 4735 disserentem
1608 4686 1672 4735 iecit

556 4749 588 4806 tl,
603 4750 647 4796 135
663 4763 693 4796 :a
711 4748 740 4794 tn
755 4747 793 4796 eis
804 4746 870 4810 ipsis
885 4748 985 4806 causiS,
1001 4749 1048 4798 ubi
1059 4749 1090 4799 de
1106 4751 1177 4800 facto
1186 4749 1341 4813 ambigitur,
1355 4780 1383 4787 -
1395 4755 1530 4817 ceperitne
1540 4758 1670 4819 pecunias

554 4822 649 4868 contra
664 4819 736 4882 leges
751 4819 856 4879 Decius,
874 4844 904 4853 —
921 4823 1080 4882 argumenta
1093 4825 1119 4871 et
1134 4823 1278 4871 criminum
1291 4824 1318 4871 et
1330 4822 1495 4873 defensionis
1511 4831 1672 4879 revocentur

556 4893 661 4953 oportet
671 4889 704 4939 ad
721 4904 807 4954 genus
821 4893 848 4940 et
863 4893 989 4940 naturam
1009 4892 1182 4942 universam:
1210 4892 1280 4956 quod
1303 4895 1489 4959 sumptuosus,
1501 4896 1533 4946 de
1544 4898 1649 4949 luxurie
1664 4919 1669 4961 ;

555 4961 628 5023 quod
645 4960 726 5012 alieni
740 4964 877 5026 appetens,
885 4961 917 5012 de
927 4962 1081 5022 avaritia...,
1099 4966 1149 5013 etc.
1168 4985 1178 5008 υ
