4467 6167
1172 881 1323 944 ,2-

680 1047 867 1135 separatim
888 1045 929 1113 ab
951 1053 1098 1134 utraque
1119 1045 1244 1112 harum
1268 1044 1417 1116 aliarum
1437 1044 1578 1123 artium,
1602 1065 1687 1132 quas
1710 1043 1799 1110 dici-

679 1176 769 1235 mus,
791 1176 843 1234 ea,
861 1175 949 1242 quae
963 1152 1005 1220 de
1020 1150 1242 1242 philosophia
1264 1150 1438 1229 disseruit,
1458 1153 1685 1218 intueremur.
1703 1152 1800 1217 Dum

678 1262 770 1329 enim
795 1261 950 1342 docebat,
978 1268 1012 1327 et
1034 1260 1126 1349 juris
1155 1258 1267 1326 civilis
1294 1259 1475 1325 scientiam
1506 1259 1548 1326 ad
1575 1257 1800 1348 suscipienda

680 1369 956 1457 «legitimarum
982 1374 1015 1433 et
1038 1366 1197 1433 civilium
1222 1368 1538 1433 controversiarum
1556 1396 1570 1426 t
1603 1365 1800 1456 patrocinia

676 1476 828 1543 maxime
848 1475 1080 1541 necessariam
1100 1495 1175 1540 esse
1190 1475 1251 1560 (1),
1269 1481 1301 1541 01
1316 1474 1444 1540 oratori
1464 1475 1500 1540 in
1517 1500 1531 1534 a
1549 1473 1661 1540 causis
1682 1472 1799 1561 publi-

674 1585 723 1649 cis
743 1618 754 1639 υ
778 1583 887 1649 autin
914 1575 1104 1670 republica
1124 1580 1274 1669 gerenda
1302 1581 1452 1647 versanti
1477 1581 1716 1669 exemplorum
1737 1602 1797 1647 co-

675 1689 770 1778 piam
795 1691 840 1778 (2)
866 1688 908 1755 ab
937 1719 951 1748 α
979 1688 1198 1777 antiquitatis
1221 1717 1236 1749 »
1259 1689 1427 1754 memoria
1443 1710 1517 1754 esse
1537 1687 1794 1769 arcessendam,

675 1795 729 1861 his
751 1795 855 1863 certis
875 1795 1068 1861 rationibus
1097 1793 1269 1882 ejusmodi
1295 1794 1461 1861 utilitates
1490 1792 1688 1877 definiebat,
1706 1816 1795 1882 qua-

675 1924 754 1969 rum
769 1908 914 1991 utraque
934 1910 968 1968 et
986 1901 1028 1967 ab
1053 1902 1270 1967 institutione
1291 1901 1391 1990 quasi
1416 1902 1606 1969 domestica
1623 1903 1695 1968 viro
1716 1901 1795 1990 qui-

673 2008 752 2076 dem
767 2016 884 2098 togato
904 2008 1097 2076 traderetur
1117 2008 1176 2095 (3),
1196 2014 1241 2089 01,
1259 2010 1288 2074 si
1309 2008 1387 2098 quis
1404 2009 1437 2073 in
1460 2015 1583 2075 neutra
1603 2033 1622 2074 a
1642 2008 1794 2098 propriis

671 2116 796 2184 studiis
812 2117 896 2183 satis
910 2118 1101 2182 instructus
1117 2121 1220 2195 esset,
1240 2143 1253 2175 u
1273 2114 1315 2182 ad
1327 2137 1501 2205 quamque
1516 2138 1656 2182 oausam
1670 2137 1793 2204 quam·

673 2225 722 2290 vis
743 2230 885 2312 repente
904 2222 959 2289 vel
980 2222 1135 2312 aperitis
1151 2222 1205 2288 vel
1221 2220 1262 2289 de
1282 2221 1382 2288 libris
1406 2222 1564 2311 depromi
1587 2254 1601 2283 n
1625 2220 1673 2312 (t)
1690 2244 1793 2311 posse

672 2328 858 2397 videretur.
890 2330 1008 2396 Talem
1037 2351 1120 2395 vero
1149 2328 1391 2418 philosophiae
1424 2328 1466 2394 ad
1493 2327 1792 2396 dicendifaculta-

671 2443 740 2503 tem
766 2436 1037 2525 adjunctionem,
1069 2436 1208 2525 qualem
1250 2436 1367 2502 Cicero
1399 2458 1480 2525 prae
1510 2459 1545 2502 se
1565 2435 1658 2517 tulit,
1690 2435 1791 2504 facile

668 2543 876 2632 intelligitur
890 2565 1003 2632 neque
1022 2542 1065 2610 ad
1079 2541 1251 2631 ejusmodi
1267 2542 1463 2610 subsidium
1484 2543 1662 2609 commode
1679 2543 1790 2634 redigi

669 2673 785 2739 posse,
818 2650 910 2739 quod
948 2673 1010 2739 pro
1047 2649 1266 2739 singularum
1309 2672 1492 2718 causarum
1528 2652 1789 2739 opportunitate

666 2757 780 2823 subito
796 2764 1035 2824 assumeretur
1054 2764 1087 2823 et
1103 2755 1243 2823 aliunde
1259 2778 1300 2823 ex
1318 2770 1471 2846 tempore
1487 2758 1701 2846 arriperetur
1722 2758 1786 2848 (5),

669 2885 779 2952 neque
800 2864 834 2930 iu
856 2870 991 2930 oratore
1012 2886 1155 2930 romano
1176 2864 1243 2929 nisi
1268 2886 1329 2953 per
1353 2864 1541 2953 quamdam
1562 2864 1636 2952 ojus
1658 2865 1789 2933 adven-

666 2972 765 3038 ticiae
789 2970 993 3061 disciplinae
1018 2970 1258 3038 assiduitatem
1283 2971 1372 3038 011101
1393 2973 1558 3061 potuisse,
1581 2995 1669 3062 quae
1695 2972 1787 3039 Cice·

665 3080 742 3144 roni
758 3079 825 3168 ipsi
849 3076 993 3167 ejusque
1017 3077 1221 3167 aequalibus
1242 3078 1451 3146 Graecorum
1472 3079 1584 3146 adhuc
1604 3079 1787 3148 doctorum

667 3187 815 3252 maxime
835 3187 973 3275 propria
998 3193 1088 3253 recte
1111 3184 1289 3252 videretur
1312 3186 1371 3275 (6).
1400 3226 1441 3235 -
1465 3185 1646 3266 Quomodo
1667 3193 1786 3254 autem

667 3292 755 3359 hanc
771 3293 883 3381 ipsam
904 3291 1144 3381 philosophiae
1167 3292 1352 3358 utilitatem
1369 3287 1487 3377 Cicero
1508 3293 1726 3376 intellexerit,
1745 3317 1786 3361 eo

1497 3479 1523 3505 -ns

662 3528 692 3575 11
704 3548 715 3570 a
731 3526 839 3590 scriptis
854 3527 1049 3591 philosophicis
1063 3545 1075 3574 s
1089 3526 1152 3577 edit.
1167 3528 1269 3578 Miiller.
1284 3529 1436 3588 —Quoties
1449 3533 1531 3593 caput
1545 3533 1631 3581 totum
1648 3545 1704 3581 non
1716 3532 1785 3583 indi·

663 3600 748 3655 catur,
760 3598 868 3647 numeri
881 3597 1015 3647 referendi
1035 3601 1099 3648 sunt
1113 3599 1147 3649 ad
1169 3614 1215 3649 eas
1241 3601 1361 3650 minores
1378 3601 1547 3665 partitiones,
1574 3615 1642 3665 quae
1665 3603 1743 3667 signo
1772 3609 1785 3664 §

662 3682 742 3732 saepe
758 3668 943 3733 designantur.

694 3741 726 3803 (1)
741 3739 778 3795 Cf.
794 3741 885 3799 Orat,
901 3742 945 3789 120
957 3755 963 3800 ;
974 3742 1013 3789 De
1028 3740 1102 3789 Orat.
1122 3742 1140 3801 t,
1161 3742 1204 3790 108
1221 3755 1290 3805 sqq,
1303 3744 1348 3790 231
1373 3757 1442 3805 sqq,
1458 3743 1530 3806 (nam
1553 3745 1664 3794 Antonii
1683 3745 1784 3796 reluta-

662 3811 736 3859 tione
752 3812 812 3875 ipsa
827 3811 915 3861 Crassi
933 3812 1068 3861 sententia
1080 3811 1254 3863 illustratur.

693 3882 726 3944 (2)
742 3881 780 3931 Cl.
798 3881 882 3938 Orat..
899 3884 943 3930 120
953 3897 959 3943 ;
970 3884 1008 3932 De
1022 3884 1095 3932 Orat.
1108 3884 1308 3944 1,10,201,256;
1321 3886 1366 3934 150
1380 3886 1452 3947 (cum
1462 3886 1633 3949 antiquitatis
1649 3889 1783 3940 memoria

659 3952 727 4015 juris
737 3952 839 4017 publici
853 3953 996 4017 prudentia
1010 3955 1140 4018 conjungi
1159 3954 1246 4019 solet).
1260 3983 1291 3992 -
1306 3956 1441 4015 Quantum
1457 3956 1485 4005 in
1506 3970 1627 4021 «genere
1648 3956 1783 4008 delibera-

659 4024 716 4073 tivo
737 4038 752 4073 1)
768 4028 889 4086 exempto
903 4026 1033 4087 valerent,
1056 4026 1285 4077 animadverterat
1299 4028 1457 4077 Aristoteles
1472 4029 1501 4077 in
1524 4028 1676 4089 Rhetorica,
1701 4030 1782 4092 libi,

660 4098 913 4231 cag)ah{co.ipsum
928 4169 1047 4231 quodam
1061 4168 1142 4218 modo
1165 4168 1426 4219 animadvertentem
1442 4171 1532 4220 Cicero
1548 4170 1675 4221 Crassum
1699 4187 1782 4223 suum

658 4238 822 4297 iaciebat,in
836 4239 876 4288 eis
892 4254 963 4302 quae
978 4240 1079 4303 dejure
1096 4240 1169 4289 civili
1184 4241 1374 4304 cognoscendo
1395 4242 1459 4316 huic
1473 4256 1605 4306 personae
1621 4243 1779 4304 mandabat,

658 4309 852 4438 Dilhbtiiniid
854 4312 949 4431 dehhis
962 4383 1073 4432 Antonii
1085 4384 1213 4432 Crassum
1221 4383 1368 4433 refellentis
1391 4384 1439 4448 (De
1456 4384 1532 4433 Orat.
1551 4386 1571 4442 l,
1585 4386 1654 4448 252);
1671 4386 1735 4448 quid
1750 4387 1781 4437 in

656 4451 707 4501 hac
721 4452 833 4501 Antonii
848 4454 984 4503 sententia
997 4453 1137 4518 probabile
1164 4454 1208 4513 sit,
1223 4455 1289 4504 satis
1305 4459 1431 4519 apparet;
1447 4469 1497 4505 nec
1510 4471 1573 4506 vero
1603 4456 1733 4507 Crassum
1749 4459 1780 4508 in

656 4521 707 4571 hoc
721 4522 847 4587 deinceps
856 4527 951 4574 contra
965 4524 1102 4574 dicentem
1116 4524 1255 4574 audimus.

688 4594 720 4656 (5)
737 4595 790 4643 Νο0
806 4594 908 4645 veroid
929 4595 961 4645 de
976 4596 1149 4660 philosophia
1166 4596 1214 4659 (ef.
1232 4598 1271 4645 De
1292 4598 1337 4645 Or.
1357 4597 1377 4659 l,
1391 4598 1506 4662 219-233)
1526 4598 1617 4649 Cicero
1629 4600 1780 4652 Antonium

656 4665 866 4745 contendentem
881 4666 953 4727 10011,
968 4669 1039 4717 sicut
1053 4669 1082 4716 in
1092 4682 1124 4717 eo
1136 4667 1271 4728 videmus,
1287 4667 1359 4731 quod
1371 4668 1405 4717 ad
1418 4670 1486 4731 juris
1495 4670 1583 4720 civilis
1592 4672 1780 4735 cognitionem

655 4737 808 4870 atibiedbae
824 4809 934 4873 quidem
945 4810 979 4859 ab
997 4811 1036 4860 eis
1059 4811 1144 4875 repeti
1159 4812 1250 4861 minus
1268 4813 1422 4862 necessario
1451 4812 1553 4872 debuit,
1570 4816 1717 4877 postquam
1733 4816 1777 4864 Ci-

654 4892 714 4928 0010
733 4894 799 4929 suos
814 4880 846 4930 de
856 4881 1030 4946 philosophia
1044 4882 1129 4932 libros
1145 4882 1244 4943 edidit;
1257 4883 1304 4933 sed
1319 4885 1411 4933 tamen
1423 4884 1480 4948 ipse
1495 4884 1584 4935 filium
1597 4899 1678 4937 suum
1692 4887 1777 4937 Athe-

653 4963 703 5070 pas
717 4952 789 5073 qpuq
797 4954 954 5018 Cratippum
964 4955 1099 5014 mittebat,
1106 4955 1177 5005 sicut
1189 4954 1236 5005 alii
1248 4954 1433 5007 adulescentes
1447 4955 1569 5021 eiusdem
1579 4958 1677 5007 aetatis
1687 4957 1777 5009 adhuc

665 5036 721 5072 acre
741 5037 797 5073 an.
1649 5042 1651 5046 ’
