4467 6167
1083 777 1283 841 -112-

594 943 641 1007 ita
657 940 810 1008 multum
825 941 1035 1031 discrepare.
1057 940 1128 1008 Nec
1143 963 1225 1008 vero
1246 939 1327 1008 huic
1346 968 1361 1002 a
1377 940 1490 1008 laudis
1505 942 1630 1012 studio
1650 974 1667 1005 »
1694 953 1732 1013 ut

594 1048 630 1113 in
655 1049 727 1115 vita
755 1070 818 1114 sua
849 1049 898 1114 sic
923 1049 960 1115 in
984 1050 1056 1115 suis
1080 1048 1297 1116 orationibus
1316 1054 1452 1116 tantum
1484 1050 1640 1119 forsitan
1663 1055 1728 1119 tri·

596 1152 739 1232 buisset,
756 1154 821 1219 nisi
834 1156 1061 1242 gravissimos
1081 1154 1308 1244 philosophos
1322 1154 1363 1221 de
1392 1182 1408 1215 «
1431 1160 1690 1226 summobono
1713 1190 1727 1219 υ

594 1261 642 1327 ita
674 1259 882 1328 disserentes
907 1261 1065 1346 vidisset,
1091 1268 1259 1353 tanquam
1285 1262 1459 1329 honestum
1488 1270 1521 1329 et
1543 1264 1730 1333 laudabile

597 1367 688 1434 idem
713 1374 815 1449 esset,
843 1375 947 1457 atque
980 1367 1060 1436 inde
1090 1371 1194 1437 etiam
1220 1368 1477 1453 concludentes
1505 1372 1590 1459 quia
1624 1370 1729 1439 beata

594 1475 664 1541 vita
690 1503 705 1533 κ
726 1474 931 1563 ploriatione
958 1474 1062 1563 dipnu
1090 1505 1105 1538 »
1139 1475 1299 1543 habenda
1333 1483 1436 1558 esset,
1478 1475 1608 1545 idcirco
1642 1502 1726 1546 eam

594 1582 733 1648 nonnisi
748 1581 922 1648 honestate
937 1581 1024 1648 effici
1041 1605 1141 1671 posse
1155 1583 1200 1673 (l)
1217 1613 1223 1650 ι
1241 1605 1326 1672 quas
1344 1584 1494 1650 rationes
1514 1606 1596 1651 cum
1612 1584 1656 1652 ab
1672 1586 1726 1652 eis

594 1710 610 1750 a
625 1686 815 1753 dialecticis
828 1711 844 1750 a
859 1689 904 1777 (2)
928 1688 975 1754 ita
984 1687 1145 1755 concludi
1157 1689 1379 1778 intelligeret,
1392 1712 1479 1779 quos
1495 1715 1510 1754 a
1531 1691 1625 1758 solos
1639 1692 1724 1781 phi·
1749 1724 1751 1727 ⁴

593 1790 794 1882 losophosx
823 1815 897 1859 esse
927 1795 1101 1861 interdum
1131 1796 1327 1885 suspicatus
1353 1802 1404 1863 est
1428 1797 1485 1883 (3),
1508 1799 1614 1864 -ab
1648 1800 1723 1867 illis

591 1900 676 1990 ipsis
697 1900 929 1967 Stoicorum(
955 1901 1178 1968 consectariis
1204 1926 1220 1967 x>
1243 1924 1320 1969 cam
1341 1926 1356 1967 a
1378 1924 1479 1969 verae
1496 1903 1612 1970 laudis
1631 1906 1718 1995 »(4)

586 2028 667 2073 cum
684 2008 811 2074 virtute
826 2008 925 2096 quasi
941 2008 1195 2090 contusionem,
1223 2031 1291 2097 qua
1308 2031 1375 2075 non
1392 2009 1499 2076 semel
1524 2017 1562 2077 ut
1589 2019 1714 2079 orator

589 2113 806 2203 populariter
825 2136 909 2181 usus
925 2121 989 2195 est,
1008 2120 1163 2204 repetere
1177 2114 1226 2205 (5)
1250 2137 1285 2181 se
1307 2115 1450 2182 forsitan
1466 2115 1532 2182 sibi
1553 2120 1721 2185 conscius

593 2219 711 2287 fuerit.

626 2469 658 2528 (1)
675 2466 713 2515 Cl.
728 2466 765 2514 De
780 2466 866 2516 Finit.
881 2468 926 2527 111,
936 2470 1016 2527 m-aa,
1028 2466 1075 2517 uhi
1085 2467 1153 2516 haec
1176 2487 1186 2509 ι
1204 2466 1357 2516 Stoicorum
1374 2466 1567 2515 consectaria»
1585 2467 1721 2517 Catonem

595 2541 775 2602 exponentem
801 2538 883 2599 iacit,
900 2554 964 2589 nam
984 2540 1055 2603 quod
1072 2540 1101 2588 in
1115 2537 1162 2587 lib.
1183 2539 1224 2596 IV,
1242 2540 1327 2596 49-51,
1343 2552 1437 2587 eorum
1451 2540 1722 2601 argumentationem

594 2612 653 2674 ipse
666 2609 758 2658 irridet
773 2624 804 2658 ac
820 2611 1001 2675 reprehendit,
1018 2625 1063 2660 eas
1079 2614 1171 2659 tamen
1192 2609 1350 2667 sententias,
1365 2623 1432 2673 quas
1452 2624 1483 2658 ex
1498 2611 1555 2657 tota
1570 2622 1721 2673 argumen-

596 2682 697 2729 tatione
714 2681 764 2729 hoc
779 2681 838 2729 loco
855 2682 927 2731 solas
941 2682 1119 2745 excerpimus,
1135 2681 1233 2743 etipse
1249 2680 1374 2729 concedit
1389 2682 1415 2729 et
1430 2680 1463 2729 ab
1485 2680 1614 2729 omnihus
1626 2681 1722 2744 philo-

596 2752 698 2816 sophis,
717 2779 747 2787 -
765 2756 871 2815 praeter
885 2768 931 2803 eos
951 2773 961 2799 ι
981 2754 1079 2816 quihus
1097 2766 1237 2800 summum
1253 2752 1357 2799 honum
1373 2753 1430 2800 sine
1442 2752 1541 2800 virtute
1552 2755 1593 2802 est
1609 2774 1630 2811 n,
1646 2754 1723 2803 sicut

596 2825 779 2887 Epicurumet
793 2824 872 2884 alios,
888 2826 967 2874 -ah
983 2824 1150 2874 Academicis
1166 2823 1297 2872 videlicet
1308 2824 1435 2882 maxime,
1454 2822 1564 2872 concedi
1574 2824 1621 2872 ait.

627 2896 662 2955 (2)
677 2895 720 2943 Sic
733 2895 817 2944 Stoici
830 2896 1004 2958 potissimum
1013 2895 1047 2944 ah
1059 2909 1090 2943 co
1101 2894 1251 2949 nonsemel
1262 2893 1492 2958 designanturttll.
1503 2908 1583 2957 supra
1593 2899 1719 2946 nostram

595 2968 663 3030 part.
681 2967 700 3025 l,
716 2981 741 3030 p.
761 2969 800 3024 52,
813 2981 839 3015 n.
858 2971 893 3020 lt.

627 3040 659 3100 (3)
674 3037 712 3086 Cf.
728 3037 832 3087 Tuscol.
846 3039 888 3097 IV,
905 3041 934 3087 53
947 3053 953 3098 3
967 3065 996 3074 -
1011 3038 1040 3093 V,
1056 3040 1094 3086 46.

627 3110 659 3171 (l)
672 3109 704 3158 Cl
732 3110 761 3158 P.
779 3108 916 3166 nucetio,
931 3110 977 3167 re;
992 3110 1020 3157 P.
1036 3108 1131 3166 Sestio,
1145 3108 1206 3167 1383
1222 3108 1274 3155 Pro
1291 3106 1318 3155 C.
1335 3106 1450 3166 Rabirio,
1466 3110 1496 3156 29
1519 3108 1542 3169 (a
1557 3122 1621 3158 cum
1635 3108 1718 3159 laude

594 3195 625 3230 ac
636 3182 744 3243 virtute)
759 3195 764 3239 ;
779 3208 810 3217 -
821 3181 855 3229 P.
874 3179 984 3237 Archia,
1000 3181 1029 3227 14
1047 3180 1068 3240 (κ
1085 3178 1195 3228 laudem
1208 3181 1289 3241 atque
1305 3179 1480 3227 honestatem
1494 3180 1529 3241 a),

625 3254 658 3313 (5)
672 3252 747 3300 Sicut
761 3266 792 3300 ea
807 3251 867 3314 ipsa
885 3271 895 3293 «ι
913 3252 1044 3299 rhetorice
1072 3252 1099 3299 et
1115 3251 1208 3313 augeri
1225 3253 1252 3299 et
1276 3249 1368 3298 ornari
1386 3263 1465 3312 posse
1483 3269 1494 3293 ι)
1512 3251 1661 3311 indicabat,
1680 3253 1717 3300 De

595 3322 679 3372 Finit.
697 3323 741 3382 lll,
753 3325 790 3371 26.
810 3321 848 3372 Gi.
864 3323 965 3371 Parati.
978 3324 1099 3370 Prooem.
