4467 6167
993 871 1137 935 ..a-

502 1047 642 1107 auctore
654 1039 935 1128 praetermissam
962 1039 1121 1104 videmus
1137 1038 1184 1128 (1)
1199 1061 1205 1120 ;
1220 1039 1289 1126 sed,
1306 1040 1432 1129 quibus
1457 1039 1499 1107 de
1515 1041 1630 1107 ratio·

502 1144 605 1211 nibus
626 1151 818 1234 —praeter
835 1144 1159 1212 hanccommuncm
1172 1148 1329 1213 omnium
1348 1154 1468 1214 ornate
1483 1145 1629 1214 dicendi

500 1252 675 1320 artificum
696 1251 1036 1320 commendationem
1064 1293 1107 1301 -
1140 1255 1300 1343 propriae
1330 1254 1629 1345 philosophorum

501 1359 704 1449 disciplinae
746 1365 896 1441 tantum,
935 1366 1107 1449 quantum
1159 1361 1365 1450 explicaturi
1414 1384 1546 1442 sumus,
1593 1368 1628 1429 et
1672 1388 1677 1393 ·

500 1466 642 1557 quidem
675 1467 730 1535 vel
745 1466 952 1556 plurimum.
975 1466 1066 1533 idem
1102 1468 1276 1553 tribuerit,
1311 1468 1398 1535 illud
1421 1475 1560 1558 propter
1588 1491 1627 1535 se

472 1566 475 1572 ’
501 1576 652 1642 maxime
669 1571 956 1663 perpendendum
975 1574 1076 1640 nohis
1098 1575 1214 1641 visum
1237 1582 1300 1642 est.

545 1679 1626 1771 Nequeenimhabemusquemdam«hominemdeschola»(2)

502 1794 562 1855 aut
596 1786 907 1854 «declamatorem
943 1786 984 1855 de
1009 1787 1134 1854 ludo»
1171 1789 1221 1877 (3)
1257 1812 1363 1856 vanas
1388 1788 1429 1856 de
1459 1788 1626 1878 eloquen-

500 1896 549 1963 tia
570 1894 791 1985 quaestiones
820 1893 1021 1983 disputandi
1037 1917 1142 1962 causa
1161 1894 1419 1985 lingentem,-
1443 1894 1502 1963 sed
1528 1918 1627 1962 sum-

502 2023 599 2068 mum
610 2009 784 2068 oratorem
795 1999 837 2068 ab
853 2023 920 2068 usu
930 2000 1062 2068 forensi
1083 2001 1126 2068 ad
1139 2000 1431 2069 disserendumde
1442 2002 1627 2091 suaipsius

501 2106 953 2176 artesesetraducentemac
992 2108 1625 2198 vias,quaeadeloquentiamferrent,

502 2214 637 2282 dicendi
659 2213 824 2282 studiosis
843 2242 858 2275 »
877 2214 924 2304 (1)
945 2215 1062 2304 ipsum
1076 2222 1258 2305 expertum
1278 2214 1485 2283 tradentem,
1504 2215 1626 2305 Neque

502 2321 1626 2413 rursuS‚quemdephilosophiaecognoscendaeadeloquentiam

503 2429 557 2497 vel
582 2430 757 2497 forensem
795 2430 945 2497 utilitate
977 2436 1254 2520 postperactum
1283 2430 1413 2520 majore
1441 2452 1483 2497 ex
1527 2436 1627 2519 parte

502 2559 605 2602 suum
631 2535 768 2603 dicendi
796 2536 1012 2603 curriculum
1029 2539 1073 2623 (5)
1091 2538 1139 2603 ita
1161 2537 1389 2603 disserentem
1409 2535 1622 2615 invenimus

502 2645 531 2709 is
547 2642 588 2709 ad
603 2642 691 2709 hanc
707 2641 929 2733 disciplinam
959 2643 1024 2727 sibi
1052 2642 1298 2710 assumendam
1332 2665 1409 2709 soro
1439 2640 1626 2729 subitoque

503 2755 714 2816 accesserat:
732 2771 811 2816 cum
832 2756 1015 2834 contra‚—
1035 2750 1089 2818 vel
1106 2749 1347 2816 delinientibus
1363 2750 1411 2816 eis
1432 2746 1626 2815 rationibus

504 2879 590 2946 quas
607 2857 775 2942 diximus,
859 2858 941 2923 satis
957 2856 1062 2946 digna
1077 2858 1181 2925 etiam
1199 2879 1303 2924 causa
1337 2860 1544 2945 superesset,
1563 2877 1627 2921 cur

504 2986 566 3053 per
584 2962 660 3052 ejus
690 2965 864 3030 orationes
894 2963 1131 3053 philosophiae
1163 2963 1268 3032 studii
1285 2991 1299 3023 a
1328 2962 1371 3029 ab
1391 2961 1626 3029 adulescentia

504 3071 589 3137 culti
606 3093 667 3137 nec
692 3093 849 3160 unquam
871 3070 1032 3161 deinceps
1046 3072 1236 3138 intermissi
1254 3072 1302 3158 (li)
1322 3098 1336 3132 a
1355 3070 1508 3136 fractum
1522 3069 1625 3136 ellec-

503 3185 649 3268 tumque
661 3201 969 3268 persequeremur:
985 3179 1243 3268 quamquidem
1259 3180 1299 3245 ad
1318 3178 1625 3267 investigationem

504 3288 578 3376 ipse
591 3309 655 3353 nos
670 3288 820 3356 invitare
829 3287 978 3366 videtur,
997 3289 1127 3377 quippe
1143 3289 1203 3377 qui
1225 3309 1264 3354 eo
1289 3292 1457 3374 tempore,
1480 3306 1548 3374 quo
1582 3282 1625 3350 ad

404 3436 415 3458 ,
506 3395 664 3483 proprias
692 3392 934 3482 philosophiae
967 3395 1190 3483 quaestiones
1230 3393 1348 3459 latinis
1372 3392 1496 3457 litteris
1526 3391 1625 3457 illus-

505 3500 645 3568 trandas
661 3521 845 3588 aggressus
858 3508 1010 3589 eratper
1021 3524 1101 3567 suas
1112 3501 1287 3567 orationes
1302 3527 1317 3559 κ
1335 3497 1626 3588 philosophorum

506 3609 688 3675 sententiis
704 3607 870 3674 refertas»
881 3606 947 3675 hoc
956 3608 1105 3698 intelligi
1117 3608 1240 3675 dehere
1254 3606 1502 3695 scripseritse,
1516 3633 1534 3665 a·
1545 3627 1626 3672 cum

507 3716 653 3783 minime
667 3716 856 3796 videretur,
877 3720 953 3782 tum
970 3717 1122 3784 maxime
1136 3714 1420 3805 philosophatum
1438 3735 1514 3780 esse
1529 3712 1579 3802 (7)
1592 3740 1621 3779 ».

418 4017 420 4022 .
506 3953 569 4004 lerit
582 3952 626 4001 his
640 3950 794 4001 notissimis
804 3950 929 4000 versibus
945 3967 951 3998 ι

618 4024 686 4073 Rem
703 4022 754 4072 tibi
770 4022 919 4071 socraticae
938 4020 1066 4083 poterunt
1087 4017 1362 4084 ostendere‘ehartae,

572 4094 713 4157 Verbaque
726 4094 866 4158 provisam
878 4105 937 4141 rem
951 4104 1007 4139 non
1019 4088 1105 4137 invita
1119 4094 1297 4151 sequentur...

509 4166 556 4231 (cf.
570 4168 659 4216 totum
669 4167 760 4215 locum
770 4166 855 4228 Epist.
871 4164 908 4212 ad
919 4162 1035 4219 Pitanae,
1054 4174 1079 4207 v.
1096 4161 1141 4208 309
1158 4161 1228 4224 sqq.)

540 4239 572 4300 (1)
586 4237 622 4287 Cf.
635 4238 673 4286 Oe
691 4237 811 4295 Oratore,
823 4237 845 4297 l,
859 4237 912 4290 159,
924 4232 1093 4282 uhiGrassus
1111 4231 1177 4280 dicit
1190 4247 1195 4281 :
1208 4247 1222 4283 1(
1238 4234 1354 4299 Legendi
1366 4238 1447 4286 etiam
1461 4242 1568 4301 poetae,
1581 4252 1627 4289 oo-

509 4306 680 4372 gnosoendae
694 4307 833 4365 historiae,
894 4319 916 4364 a,
931 4307 1012 4366 atque
1033 4302 1098 4351 ibid.
1124 4304 1163 4362 95,
1188 4307 1243 4366 218,
1260 4308 1463 4369 mammenus
1488 4308 1626 4359 Antonius

509 4394 571 4430 cum
584 4382 680 4429 Crasso
695 4379 840 4428 consentit.
854 4376 891 4433 Cl.
906 4388 987 4439 supra
998 4390 1024 4438 p.
1042 4376 1064 4433 3,
1078 4388 1107 4426 n.
1129 4376 1152 4423 1.

541 4452 573 4513 (2)
591 4450 698 4499 Utimur
713 4449 802 4498 verbis
818 4447 935 4497 Antonio
946 4444 1092 4505 mandatis,
1108 4446 1146 4494 Oe
1162 4446 1245 4503 Orat,
1260 4448 1292 4510 11,
1306 4450 1344 4497 28.

541 4524 573 4584 (3)
589 4522 661 4570 Haec
675 4520 758 4570 verba
771 4520 906 4570 sumimus
915 4533 949 4567 ex
967 4518 1086 4577 Oratore,
1102 4519 1142 4566 11.

541 4594 574 4655 (a)
588 4592 626 4641 cr.
642 4593 707 4641 orat
733 4594 787 4640 rai.

541 4667 574 4728 (5)
591 4664 683 4713 Libros
697 4665 729 4712 de
740 4664 852 4712 Oratore
865 4662 1020 4726 composuit
1034 4674 1107 4710 anno
1121 4661 1151 4710 U.
1168 4662 1193 4710 C.
1206 4663 1260 4711 699.

542 4738 573 4796 (6)
585 4735 692 4784 Utimur
704 4736 792 4784 verbis
807 4734 942 4783 Ciceronis
955 4733 987 4782 de
1003 4747 1032 4782 se
1047 4731 1183 4795 loquentis
1198 4734 1227 4782 in
1242 4735 1333 4792 Bruto,
1352 4735 1406 4782 315.

543 4807 672 4868 (ltaliam
688 4806 761 4856 addit
776 4807 918 4862 rationem,
933 4804 1042 4867 quaead
1054 4817 1112 4852 rem
1120 4806 1243 4853 nostram
1256 4804 1347 4853 minus
1359 4805 1493 4868 pertinet:
1506 4806 1545 4855 sic
1554 4806 1627 4855 enim

510 4878 649 4941 loquitur:
667 4898 677 4922 a
733 4892 784 4926 nos
804 4880 895 4926 autem
918 4889 968 4925 nec
983 4876 1074 4925 subito
1089 4876 1228 4940 coepimus
1251 4875 1439 4939 philosophari
1462 4890 1512 4926 nec
1528 4876 1628 4927 medio·

510 4963 583 5000 crem
596 4951 706 5013 aprime
715 4953 836 5013 tempore
845 4950 1013 4999 aetatisineo
1023 4947 1112 4997 studio
1124 4960 1385 5011 operamcuramque
1396 4949 1626 5012 consumpsimus

511 5024 547 5082 et,
560 5023 747 5071 cumminime
764 5020 932 5080 videbamur,
950 5023 1010 5070 tum
1026 5020 1145 5069 maxime
1157 5018 1426 5083 philosophantium,
1437 5019 1509 5083 quod
1521 5022 1548 5070 et
1565 5032 1626 5070 ora·
