4467 6167
1139 809 1316 874 ...60-

674 994 749 1040 esse
769 971 816 1061 (Ι)
834 997 866 1053 a,
881 979 920 1039 ut
936 974 1028 1062 qui«
1051 971 1093 1040 ad
1113 972 1288 1061 agendum
1300 980 1381 1040 ante
1401 997 1506 1064 quam
1528 975 1568 1043 ad
1583 998 1795 1066 cognoscen-

673 1077 756 1145 dum
785 1080 940 1147 venisset
970 1105 1000 1161 ν,
1031 1087 1148 1169 postea
1176 1087 1294 1147 autem
1321 1082 1483 1147 maximis
1509 1083 1796 1171 occupationibus

671 1187 844 1276 implicari
872 1209 943 1253 non
976 1186 1119 1253 desierit
1150 1186 1195 1275 (2)
1224 1207 1231 1254 :
1259 1187 1351 1276 quod
1378 1188 1469 1255 idem
1504 1189 1540 1256 in
1575 1197 1708 1257 ceteros
1736 1198 1797 1258 aut

670 1293 832 1383 aequales
845 1300 905 1362 aut
926 1293 1050 1360 veteris
1071 1294 1259 1360 memoriae
1275 1301 1428 1361 oratores
1448 1295 1570 1364 cadere
1590 1319 1670 1363 cum
1693 1285 1797 1365 Scae·

673 1400 812 1490 vola(3)
826 1401 941 1469 Crassi
951 1400 1190 1467 exceltentiam
1212 1400 1385 1468 laudando
1411 1402 1495 1469 satis
1515 1403 1695 1488 indicavit,
1719 1411 1794 1470 tum

671 1508 845 1573 Antonius
861 1507 1000 1596 planius
1016 1506 1210 1589 confirmat,
1229 1507 1357 1597 quippe
1381 1508 1441 1597 qui
1463 1508 1505 1575 ad
1524 1510 1636 1597 ipsam
1657 1511 1794 1599 opinio-

673 1636 765 1697 nem,
789 1614 956 1703 quamde
985 1612 1209 1703 philosophia
1242 1615 1276 1680 iu
1303 1623 1439 1681 oratore
1462 1615 1668 1705 requirenda
1701 1616 1794 1706 apud

673 1719 903 1788 Charmadam
931 1720 1155 1811 probavisset,
1187 1720 1220 1787 id
1261 1722 1601 1807 pertinuisse-dicat.
1643 1723 1735 1813 quod
1758 1725 1793 1790 in

653 1902 657 1908 ,
673 1827 760 1894 libro
774 1828 924 1917 quodam
940 1828 1130 1916 scripserit,
1154 1851 1171 1892 <r
1191 1828 1336 1895 disertos
1350 1851 1385 1895 se
1405 1852 1570 1919 cognosse
1591 1831 1792 1905 nonnullos,

671 1934 890 2024 eloquentem
906 1936 1079 2002 neminem
1092 1935 1140 2025 (l)
1155 1961 1170 2001 a
1188 1956 1194 2001 :
1214 1935 1341 2026 quibus
1352 1936 1466 2005 verbis
1478 1938 1793 2006 commemorandis

671 2044 756 2134 quid
785 2045 905 2111 Cicero
924 2044 987 2111 sibi
1024 2046 1186 2122 voluerit,
1221 2047 1417 2135 intelligere
1441 2048 1520 2113 licet
1553 2047 1674 2128 exiis,
1703 2068 1792 2134 quae

672 2152 789 2218 statim
806 2151 990 2218 addentem
1006 2154 1200 2220 Antonium
1214 2153 1294 2221 fecit
1312 2154 1321 2227 (
1325 2154 1357 2235 5)
1381 2175 1388 2221 ε

706 2356 776 2427 Ego,
805 2360 950 2422 quantum
970 2371 1101 2427 auguror
1116 2355 1290 2427 conjectura
1306 2362 1476 2426 quantaque
1496 2356 1616 2427 ingenia
1630 2355 1659 2409 in
1680 2356 1792 2411 nostris

670 2443 840 2498 homiuibus
859 2461 922 2499 esse
937 2445 1032 2513 video,
1049 2463 1107 2500 non
1123 2447 1247 2517 despero
1268 2445 1331 2500 fore
1347 2446 1477 2516 aliquem
1504 2445 1675 2515 aliquando,
1695 2447 1746 2516 qui
1763 2452 1791 2501 et

669 2533 766 2586 studio
778 2533 902 2600 acriore,
919 2550 1009 2604 quarn
1025 2551 1080 2589 nos
1099 2552 1202 2590 sumus
1222 2540 1310 2605 atque
1327 2534 1449 2599 fuimus
1467 2540 1496 2589 et
1510 2536 1570 2590 otio
1591 2552 1625 2590 ac
1646 2535 1790 2591 facultate

671 2623 804 2677 discendi
820 2623 932 2692 majore
956 2639 990 2678 ac
1005 2625 1166 2679 maturiore
1185 2630 1213 2679 et
1228 2624 1329 2679 labore
1350 2630 1438 2695 atque
1463 2625 1609 2680 industria
1622 2626 1789 2696 superiore,

670 2726 737 2764 curn
752 2727 783 2765 sc
797 2712 833 2765 ad
852 2712 1044 2775 audiendum,
1070 2713 1229 2784 legendum
1257 2713 1513 2785 scribendumque
1527 2715 1650 2777 dederit,
1663 2716 1790 2769 exsistat

669 2799 737 2853 talis
749 2806 858 2865 orator,
873 2800 992 2870 qualern
1008 2802 1189 2870 quaerimus
1198 2803 1249 2872 qui
1259 2804 1328 2871 jure
1338 2819 1394 2857 uon
1406 2805 1495 2858 sotum
1507 2804 1635 2868 disertus,
1646 2804 1694 2858 sed
1705 2807 1790 2859 etiam

666 2890 797 2959 eloquens
806 2890 861 2944 dici
874 2892 975 2959 possit:
987 2891 1038 2960 qui
1050 2895 1150 2945 tamen
1166 2908 1232 2946 mea
1245 2893 1394 2946 sententia
1404 2897 1456 2947 aut
1466 2893 1515 2947 hic
1524 2897 1567 2947 est
1578 2892 1642 2963 jam
1654 2893 1787 2957 Crassus,

669 2982 719 3031 aut
732 2977 756 3031 si
772 2977 838 3048 quis
853 2978 917 3049 pari
936 2979 1024 3034 fuerit
1039 2980 1157 3052 ingenio
1173 2980 1317 3050 pluraque
1332 2998 1421 3052 quam
1435 2981 1483 3036 hic
1497 2986 1526 3036 et
1540 2982 1667 3037 audierit
1683 2988 1713 3036 et
1728 2981 1788 3038 lec-

668 3064 760 3118 titarit
773 3070 801 3119 et
810 3066 974 3137 scripserit,
986 3066 1109 3137 paulum
1125 3068 1193 3122 huic
1209 3068 1321 3139 aliquid
1333 3069 1442 3139 poterit
1457 3070 1575 3124 addere.

715 3276 811 3341 Hanc
826 3299 908 3343 sane
925 3276 1038 3343 Crassi
1059 3278 1274 3365 Antoniique
1294 3277 1335 3344 de
1365 3279 1563 3367 semetipsis
1580 3278 1784 3347 modestiam

670 3384 705 3448 in
736 3384 878 3448 secundi
909 3384 989 3449 libri
1011 3386 1188 3473 prooemio
1216 3385 1333 3453 Cicero
1372 3386 1528 3453 refellere
1563 3386 1711 3466 videtur,
1745 3428 1784 3437 ——

669 3495 840 3576 quatenus
868 3488 1008 3577 quidem
1041 3491 1083 3557 ad
1117 3514 1204 3577 rem,
1227 3493 1267 3559 de
1308 3516 1376 3582 qua
1400 3516 1458 3560 eos
1478 3492 1713 3583 disputantem
1738 3497 1786 3562 fa-

668 3594 791 3676 ciebat,
817 3597 1002 3686 utriusque
1022 3599 1180 3687 exemplo
1200 3598 1505 3667 demonstrandam
1530 3600 1700 3670 referebat
1713 3602 1784 3692 (6);

667 3710 770 3790 atque
799 3704 874 3792 ipsa
894 3705 972 3771 talis
996 3708 1167 3772 sermonis
1188 3707 1428 3796 explicatione.
1459 3708 1597 3796 qualem
1616 3714 1784 3798 tanquam

667 3809 836 3876 intereos
857 3809 1013 3878 habitum
1033 3811 1161 3879 litteris
1174 3811 1360 3879 mandabat
1387 3813 1476 3880 ellici
1497 3814 1647 3881 voluisse
1667 3838 1703 3882 se
1723 3817 1783 3897 ait,

671 3924 743 3982 rut
762 3917 822 3983 illa
841 3918 968 4006 opinio,
990 3941 1076 4007 quae
1101 3941 1234 4007 semper
1260 3919 1396 4008 suisset,
1418 3921 1611 4001 tolleretur,
1633 3923 1783 3990 alterum

666 4044 735 4088 non
762 4023 1016 4101 doctissimum,
1046 4026 1196 4091 alterum
1217 4027 1318 4115 plane
1348 4026 1525 4094 indoctum
1547 4028 1654 4095 fuisse
1669 4030 1715 4118 (7)
1739 4052 1779 4109 a;

668 4130 726 4197 sed
753 4132 855 4197 tertio
883 4132 971 4198 libro
1002 4132 1166 4199 Crassum
1191 4156 1294 4200 suum
1315 4135 1459 4201 iaciebat
1475 4135 1564 4203 idem
1592 4137 1660 4203 alio
1680 4137 1782 4204 modo

697 4394 730 4454 (t)
744 4392 838 4442 Verbis
853 4392 995 4442 Scaevolae
1009 4392 1147 4441 mandatis
1159 4392 1206 4453 (Π)
1220 4391 1332 4440 utimur.
1350 4391 1397 4440 rCf.
1417 4406 1506 4455 supra,
1523 4407 1548 4456 p.
1567 4395 1614 4454 12.)

698 4466 721 4524 (2
745 4465 784 4512 De
801 4463 856 4521 Or,
874 4464 892 4520 1,
910 4464 984 4510 78-79
997 4462 1118 4522 (Crassus
1133 4462 1279 4525 loquitur73
1297 4462 1334 4510 Cf.
1349 4465 1386 4511 u.

699 4536 730 4597 (3)
741 4536 779 4583 De
791 4534 843 4593 On,
860 4536 880 4591 l,
896 4536 925 4581 ‘u

698 4606 884 4666 (ttDeOr.,l,
901 4607 930 4652 ol
953 4603 1334 4662 -Cl.0rut.18,105‚unde
1360 4604 1429 4654 hanc
1458 4605 1620 4654 sententiam
1650 4606 1781 4657 inroma-

664 4689 729 4724 nam
744 4675 927 4738 eloquentiam
944 4676 1050 4722 tanturn
1066 4675 1160 4724 cudere
1172 4677 1290 4738 apparet.

697 4750 729 4801 (5(
746 4746 872 4804 lbid.,95.
885 4744 922 4794 Cl.
939 4747 977 4802 79,
993 4745 1039 4793 ubi
1057 4747 1170 4795 Crassus
1193 4745 1277 4794 dicit:
1295 4760 1338 4794 u...
1356 4746 1419 4809 quid
1438 4760 1541 4805 censes,
1559 4748 1582 4795 si
1605 4749 1637 4797 ud
1664 4750 1779 4811 alicujus

662 4818 802 4881 ingenium
817 4817 858 4865 vel
874 4816 963 4878 maius
973 4816 1027 4873 illa,
1041 4830 1109 4879 quac
1126 4831 1175 4880 ego
1188 4831 1244 4866 non
1255 4817 1341 4879 attigi,
1354 4819 1524 4875 accesserint,
1542 4819 1650 4881 qualem
1662 4822 1740 4870 illum
1753 4825 1780 4871 et

666 4892 798 4951 quantum
814 4889 952 4951 oratorem*
963 4886 1101 4935 futurum?

697 4953 728 5013 (6)
743 4954 769 4999 et
785 4952 817 5012 ll)
833 4948 871 4998 Cl.
886 4950 924 4997 De
940 4950 995 5007 Or„
1010 4950 1041 5007 ll,
1058 4951 1108 4999 l-l.
