4467 6167
1934 1060 2327 1125 —101-

1015 1227 1274 1283 delecter
1298 1231 1403 1283 aut
1431 1232 1568 1283 utar
1595 1227 1840 1282 omnino
1889 1225 2127 1294 litteris,
2190 1242 2343 1297 quae
2394 1230 2633 1281 nostros
2671 1227 2903 1281 animos
2952 1227 3257 1282 deterrent

1013 1321 1192 1388 atque
1244 1321 1491 1371 avocant
1525 1332 1560 1371 a
1596 1315 1903 1388 religione.
1965 1317 2079 1386 Ego
2128 1332 2267 1370 vero
2298 1316 2555 1386 primum
2616 1316 2802 1370 habeo
2856 1321 3128 1370 auctores
3185 1332 3252 1372 ac

1011 1404 1321 1476 magistros
1358 1403 1710 1476 religionum
1751 1404 2143 1460 colendarum
2171 1405 2431 1474 majores
2490 1411 2747 1470 nostros,
2795 1422 3051 1475 quorum
3104 1406 3249 1461 mihi

1007 1499 1174 1548 tanta
1213 1492 1398 1547 fuisse
1430 1493 1718 1563 sapientia
1746 1493 2000 1559 videtur,
2034 1497 2100 1548 ut
2129 1494 2270 1547 satis
2294 1509 2592 1564 superque
2636 1495 2954 1564 prudentes
2980 1496 3118 1561 sint,
3146 1496 3249 1566 qui

1009 1581 1250 1637 illorum
1289 1582 1668 1652 prudentiam
1698 1598 1821 1637 non
1849 1582 2042 1637 dicam
2074 1583 2334 1652 assequi,
2375 1582 2499 1650 sed,
2533 1588 2761 1653 quanta
2787 1584 2986 1650 fuerit,
3018 1584 3251 1655 perspi-

1011 1687 1142 1727 cere
1185 1671 1483 1742 possint...
1535 1671 1780 1736 Deinde,
1835 1671 1884 1724 si
1945 1670 2089 1740 quid
2138 1671 2317 1725 habui
2358 1672 2484 1738 otii,
2519 1672 2700 1726 etiam
2760 1673 3005 1743 cognovi
3062 1673 3255 1728 multa

1008 1760 1280 1816 homines
1335 1761 1540 1815 doctos
1593 1760 2007 1831 sapientesque
2082 1765 2141 1814 et
2212 1760 2431 1814 dixisse
2482 1767 2540 1814 et
2596 1762 2817 1831 scripta
2871 1763 2941 1816 de
2997 1763 3246 1816 deorum

1010 1849 1438 1904 immortalium
1498 1849 1746 1904 numine
1796 1849 2142 1921 reliquisse;
2195 1865 2349 1919 quae
2392 1865 2737 1921 quanquam
2795 1851 3077 1906 divinitus
3119 1867 3248 1921 per-

1010 1938 1230 2008 scripta
1266 1938 1457 2000 vide0‚
1486 1944 1686 1993 tamen
1728 1938 2018 2008 ejusmodi
2046 1943 2206 2005 sunt,
2235 1945 2302 1993 ut
2349 1955 2417 1993 ea
2447 1939 2704 2009 majores
2736 1940 2923 1994 nostri
2979 1940 3248 1995 docuisse

1011 2026 1164 2095 illos,
1197 2043 1319 2082 non
1346 2026 1559 2081 abillis
1585 2028 1862 2083 didicisse
1901 2028 2220 2083 videantur
2248 2029 2321 2098 (1)
2351 2070 2387 2085 ..
2430 2047 2460 2080 υ

1100 2219 1210 2286 Sic
1241 2219 1306 2284 in
1342 2218 1463 2285 eis.
1511 2239 1689 2306 quae
1728 2216 1812 2284 ad
1858 2245 1888 2277 «
1935 2217 2344 2307 religionem
2382 2246 2410 2276 »
2447 2217 2903 2306 pertinebant,
2928 2218 3243 2285 eamdem

1014 2326 1351 2392 rationem
1419 2323 1989 2414 persequebatur,
2042 2346 2253 2413 quam
2295 2323 2500 2390 modo
2554 2324 3060 2410 agnovimusin
3113 2326 3237 2402 eiS‚

1011 2454 1182 2519 quae
1219 2431 1305 2498 ad
1360 2432 1508 2521 ipsa
1571 2438 1739 2498 bene
1801 2430 2076 2499 vivendi
2141 2437 2500 2520 praecepta
2557 2430 2954 2520 spectabant
3010 2451 3024 2497 ε
3073 2431 3238 2498 dum

1008 2541 1192 2605 enim
1221 2538 1606 2627 profitetur,
1644 2560 1714 2604 se
1784 2566 1814 2596 «
1870 2560 2005 2604 non
2061 2536 2383 2603 delectari
2449 2544 2568 2603 aut
2626 2538 2727 2603 uti
2790 2539 3076 2604 omnino
3139 2539 3244 2604 bis

1009 2645 1287 2729 litteris,
1347 2667 1523 2734 quae
1599 2645 1868 2711 animos
1923 2644 2318 2711 deterreant
2370 2650 2579 2733 atque
2630 2653 2922 2711 avocent
2986 2669 3021 2711 a
3082 2646 3241 2712 reli·

1008 2752 1212 2839 gione
1260 2781 1316 2829 »,
1347 2752 1726 2840 Epicureos
1753 2750 2317 2841 rejicit1q1101·um
2347 2749 2428 2818 de
2460 2750 2564 2817 dis
2590 2751 2989 2841 opinionem
3025 2753 3127 2842 (2)
3158 2753 3240 2820 ad

1009 2857 1383 2926 tollendam
1432 2885 1464 2918 «
1511 2859 1865 2948 pietatem,
1903 2859 2366 2937 sanctitatem,
2415 2856 2825 2945 religionem
2885 2885 2915 2918 »
2966 2859 3243 2925 tendere

1011 2966 1157 3054 ipse
1189 2966 1258 3031 in
1314 2966 1539 3055 primo
1570 2965 1652 3032 de
1683 2978 1936 3031 natura
1977 2963 2257 3030 deorum
2285 2963 2461 3030 libro
2494 2963 2589 3052 (3)
2619 2964 2965 3053 exposuit}
2995 2987 3007 3039 ;
3077 2964 3240 3031 dum

1006 3072 1418 3139 autemillos
1462 3071 1759 3139 «doctos
1790 3072 2283 3161 sapientesque
2330 3070 2651 3138 homines
2705 3099 2734 3130 »
2782 3093 2943 3158 prae
2983 3094 3055 3137 se
3082 3071 3237 3153 fert,

1007 3200 1309 3268 quorum
1335 3180 1743 3246 auctoritate
1783 3201 1862 3245 ea
1901 3177 2386 3245 commendata
2428 3178 2645 3244 fuisse
2691 3178 2812 3257 ait,
2864 3199 3041 3266 quae
3082 3201 3240 3244 cum

1005 3284 1347 3375 majorum
1378 3285 1719 3374 sapientia
1747 3293 1814 3351 et
1847 3284 2304 3373 religionibus
2325 3289 2812 3373 congruerent,
2846 3283 2993 3373 ejus
3023 3285 3240 3350 oratio

1006 3414 1126 3481 per
1156 3391 1470 3458 eamdem
1512 3393 1793 3459 tacitam
1831 3393 2341 3467 confusionem,
2403 3392 2485 3458 de
2547 3413 2684 3480 qua
2718 3390 2863 3480 jam
2905 3390 3235 3473 diximUS,

1002 3497 1087 3565 ad
1108 3498 1263 3565 illos
1294 3500 1619 3588 antiquos
1651 3498 2065 3566 Academiae
2102 3501 2448 3588 principes
2491 3521 2626 3564 non
2662 3498 2896 3563 minus
2919 3521 3127 3587 quam
3156 3500 3239 3566 ad

1004 3604 1267 3672 Stoicos
1296 3612 1606 3695 spectare
1629 3605 1929 3673 videtur.
1968 3607 2388 3695 Quanquam
2432 3605 2516 3672 ad
2575 3605 2844 3670 Stoicos
2907 3606 3133 3693 potius
3166 3629 3238 3673 se

1002 3711 1400 3778 conferebat
1446 3713 1517 3778 in
1576 3714 2037 3800 argumentiS‚
2105 3736 2281 3801 quae
2340 3713 2423 3780 ad
2476 3714 2656 3781 hanc
2708 3715 3239 3802 congruentiam

999 3818 1545 3885 confirmandam
1586 3820 1686 3886 sic
1724 3820 2093 3909 colligebat
2128 3843 2138 3886 :

1073 4021 1097 4054 κ
1138 4002 1371 4057 Etenim
1399 4003 1535 4074 quis
1557 4008 1647 4058 est
1683 4010 1805 4059 tam
1842 4021 2108 4073 vaecorS,
2144 4007 2246 4076 qui
2274 4012 2396 4075 aut,
2428 4022 2562 4061 cum
2595 4006 2861 4076 suspexit
2893 4006 2950 4060 in
2981 4005 3233 4072 caelum,

997 4091 1139 4145 deos
1162 4107 1290 4146 esse
1317 4108 1439 4146 non
1459 4093 1678 4147 sentiat
1702 4098 1761 4148 et
1785 4111 1872 4162 ea,
1908 4111 2058 4166 quae
2090 4100 2252 4150 tanta
2274 4101 2470 4149 mente
2496 4096 2665 4162 fiunt,
2699 4102 2764 4149 ut
2792 4096 2888 4149 vix
2919 4095 3234 4165 quisquam

996 4184 1119 4233 arte
1151 4179 1277 4235 ulla
1306 4180 1577 4235 ordinem
1604 4198 1804 4238 rerum
1845 4200 1913 4238 ac
1959 4185 2462 4239 necessitudinem
2513 4185 2788 4254 persequi
2824 4184 3034 4253 possit,
3093 4200 3233 4238 casu

999 4268 1126 4322 fieri
1156 4272 1343 4338 putet,
1374 4274 1496 4337 aut,
1549 4286 1684 4325 cum
1726 4272 1868 4326 deos
1921 4289 2050 4326 esse
2097 4271 2476 4340 intellexerit,
2511 4290 2632 4328 non
2686 4272 2974 4342 intelligat
3026 4289 3233 4326 eorum

997 4357 1242 4412 numine
1267 4358 1380 4412 hoc
1413 4363 1644 4414 tantum
1685 4360 2005 4431 imperium
2036 4378 2164 4415 esse
2193 4367 2403 4416 natum
2435 4367 2493 4415 et
2531 4368 2774 4416 auctum
2807 4367 2864 4416 et
2894 4363 3232 4416 retentum?

997 4447 1181 4511 Quam
1196 4446 1471 4501 volumus
1500 4447 1658 4513 licet,
1683 4455 1883 4519 patres
1915 4451 2254 4521 conscripti,
2287 4452 2397 4521 ipsi
2426 4468 2535 4505 nos
2566 4468 2859 4515 amemUS,
2893 4456 3089 4505 tamen
3124 4467 3232 4506 nec

996 4551 1247 4590 numero
1291 4536 1580 4606 Hispanos
1610 4554 1720 4593 nec
1747 4540 1957 4593 robore
1992 4539 2185 4595 Gallos
2209 4556 2318 4594 nec
2342 4540 2662 4595 calliditate
2686 4542 2918 4594 Poenos
2949 4556 3057 4594 nee
3090 4541 3233 4593 arti-

995 4624 1106 4678 bus
1136 4626 1392 4680 Graecos
1422 4642 1531 4681 nec
1562 4627 1818 4697 denique
1851 4628 1963 4683 hoc
1995 4630 2115 4699 ipso
2148 4630 2329 4699 hujus
2361 4629 2551 4699 gentis
2581 4646 2648 4683 ac
2684 4635 2871 4684 terrae
2904 4630 3228 4683 domestico

995 4712 1317 4783 nativoque
1347 4729 1530 4768 sensu
1559 4716 1736 4771 Italos
1767 4717 1926 4787 ipsos
1966 4734 2033 4772 ac
2087 4720 2342 4784 Latinos,
2391 4719 2494 4773 sed
2540 4719 2758 4789 pietate
2817 4735 2886 4772 ac
2940 4717 3229 4789 religione

1056 4932 1124 4992 (1)
1148 4931 1220 4979 De
1254 4931 1606 4995 Haruspicum
1631 4948 1900 4997 responso,
1938 4936 2093 4983 18-19.

1056 5002 1120 5064 (2)
1145 5003 1279 5051 Eam
1301 5016 1430 5052 suae
1451 5003 1508 5051 in
1529 5005 1772 5053 Pisonem
1803 5005 2037 5055 orationi
2067 5007 2367 5056 inserebat(
2375 5008 2472 5069 59),
2502 5007 2632 5057 dum
2657 5007 2906 5056 Pisonem
2933 5005 2994 5055 de
3027 5003 3228 5067 suppli-

991 5073 1294 5123 cationibus
1344 5075 1388 5134 («
1411 5089 1546 5137 quas
1577 5075 1629 5124 di
1659 5077 2011 5140 neglegunt...
2032 5080 2131 5127 etc.
2170 5099 2190 5121 υ
2214 5078 2290 5128 Cf.
2323 5093 2482 5143 supra
2508 5094 2554 5142 p.
2581 5081 2657 5139 88)
2693 5078 3049 5127 disserentem
3079 5076 3223 5124 facit.

1053 5148 1121 5206 (3)
1153 5145 1271 5207 Ipse
1318 5145 1548 5209 loquens
1602 5148 1658 5196 in
1693 5150 1986 5211 prooemio,
2013 5154 2057 5209 3,
2089 5177 2149 5186 —
2179 5153 2231 5200 et
2267 5165 2453 5200 rursus
2486 5152 2542 5199 in
2574 5153 2815 5199 extrema
2864 5150 3014 5212 parte
3041 5148 3227 5196 Cottae

989 5215 1376 5279 disputationis
1409 5218 1680 5281 (121-124).
