4467 6167
1148 845 1325 912 -88-

680 1011 871 1079 sententias
904 1010 938 1076 in
968 1008 1096 1078 fabulis
1124 1010 1232 1079 latine
1264 1011 1445 1079 conversis
1478 1012 1630 1080 intextas
1654 1012 1800 1080 Romani

680 1119 926 1187 accessissent:

716 1279 881 1350 «Cogitate
910 1294 979 1333 cum
1002 1276 1110 1331 animis
1136 1277 1259 1332 vestris:
1281 1278 1306 1332 si
1334 1278 1407 1347 quid
1430 1295 1480 1332 vos
1491 1294 1544 1348 per
1567 1279 1700 1333 lahorem
1721 1284 1799 1333 recte

681 1369 819 1434 feceritis,
836 1366 920 1423 labor
934 1366 984 1421 ille
1000 1365 1113 1421 avobis
1129 1366 1187 1420 cito
1212 1368 1340 1431 recedet,
1362 1366 1438 1421 bene
1454 1366 1567 1421 factum
1588 1368 1704 1422 anobis
1731 1368 1799 1422 dum

680 1458 775 1512 vivitis
795 1473 854 1512 non
870 1457 1026 1518 abscedet;
1042 1454 1105 1520 sed,
1123 1455 1147 1508 si
1164 1471 1223 1525 qua
1240 1471 1294 1525 per
1308 1454 1489 1525 voluptatem
1504 1456 1645 1526 nequiter
1657 1454 1797 1523 feceritis¹

680 1548 815 1617 voluptas
831 1546 889 1600 cito
910 1545 1018 1600 abibit:
1033 1545 1174 1615 nequiter
1189 1544 1299 1599 factum
1320 1541 1395 1598 illud
1418 1542 1499 1612 apud
1518 1559 1570 1597 vos
1593 1558 1715 1613 semper
1738 1558 1801 1597 ma·

679 1636 762 1690 nebit
777 1635 825 1704 tl).
846 1651 861 1686 s

723 1797 785 1863 His
799 1794 1017 1863 conferendis
1045 1794 1184 1860 Catonis
1207 1800 1268 1861 aut
1289 1794 1426 1868 ,Metelli
1455 1795 1666 1883 fragmentis
1701 1795 1800 1863 intel·

680 1904 742 1992 ligi
780 1909 904 1991 potest,
937 1903 1113 1990 propriam
1149 1901 1325 1968 Ciceronis
1354 1900 1588 1969 eruditionem
1623 1923 1693 1967 non
1730 1908 1797 1967 lam

679 2012 713 2077 iu
736 2012 810 2100 ipse
825 2009 1078 2075 sententiarum
1091 2007 1278 2074 moralium
1298 2009 1468 2097 gravitate
1483 2007 1531 2096 (2)
1543 2007 1798 2095 agnoscendam

679 2140 766 2201 esse,
784 2115 911 2206 quihus
927 2136 1007 2180 eum
1023 2113 1249 2181 acerbissima
1265 2116 1298 2179 iu
1314 2114 1478 2181 Pisonem
1494 2113 1677 2181 maledieta
1698 2116 1799 2204 aptis-

678 2226 765 2291 sime
790 2222 932 2313 quidem
970 2230 1153 2287 ornantem
1194 2220 1365 2302 videmus,
1407 2241 1514 2311 quam
1549 2220 1586 2286 in
1608 2221 1798 2287 multarum

679 2331 931 2398 sententiarum
957 2328 1143 2415 elegantia,
1162 2350 1249 2416 quas
1267 2327 1309 2393 ad
1328 2328 1584 2417 Epicureorum
1609 2328 1797 2398 doctrinam

679 2439 892 2529 pertinentes
919 2434 1030 2501 eidem
1061 2434 1207 2500 orationi
1237 2434 1386 2499 intextas
1407 2435 1617 2503 invenimus.
1639 2437 1728 2504 Nam
1746 2438 1797 2504 Pi-

678 2568 794 2612 sonem
823 2565 904 2609 sane
920 2548 958 2609 ut
973 2570 986 2598 o
1008 2539 1217 2607 eruditum»
1238 2540 1298 2627 (3),
1321 2548 1360 2607 ut
1380 2568 1396 2601 o
1420 2541 1670 2630 philosophum
1692 2544 1742 2633 (l)
1766 2574 1795 2623 i,

679 2659 716 2718 ut
736 2682 749 2711 «
774 2651 982 2739 Epicureum
1000 2648 1050 2732 (ll)
1068 2676 1083 2707 »
1101 2647 1355 2714 contumeliose
1371 2645 1565 2737 designare.
1580 2650 1697 2739 quivis
1712 2652 1798 2727 alius

681 2756 786 2823 -vel
824 2755 969 2821 minime
985 2753 1161 2820 litteratus
1179 2794 1215 2802 -
1237 2753 1427 2843 potuissot;
1451 2755 1509 2821 sed
1522 2754 1608 2822 illud
1624 2755 1798 2824 Ciceronis

679 2864 858 2952 proprium
886 2861 963 2941 fuit,
987 2870 1021 2927 et
1050 2882 1090 2927 eo
1124 2860 1210 2942 loco,
1241 2882 1346 2950 quem
1362 2859 1434 2949 jam
1461 2862 1664 2943 retulimus
1690 2873 1798 2933 certas

679 2992 798 3038 eorum
823 2967 1114 3059 philosophorum
1132 2968 1338 3045 sententias,
1361 2989 1511 3057 quorum
1533 2992 1570 3035 se
1590 2976 1796 3039 sectatorom

680 3100 755 3144 esse
769 3077 849 3143 Piso
865 3076 988 3155 aiebat,
1018 3073 1060 3141 ad
1081 3072 1239 3162 ejusdem
1265 3075 1375 3164 ipsius
1393 3073 1703 3164 reprehensionem
1720 3102 1799 3146 con-

679 3194 827 3261 vertere,
854 3188 887 3250 ct
914 3182 1078 3249 inferiore
1095 3181 1170 3247 loco
1190 3181 1276 3247 alias
1296 3182 1438 3270 Epicuri
1471 3182 1671 3250 «scholas»
1694 3185 1791 3253 indu-

682 3313 771 3370 cere,
805 3289 931 3379 quibus
951 3294 1052 3355 utens
1075 3288 1152 3354 l'iso
1180 3286 1324 3376 lingitur
1357 3287 1394 3355 C.
1424 3288 1606 3356 Caesarem
1628 3313 1797 3380 generum

681 3419 785 3464 suum
807 3396 854 3485 (6)
888 3425 901 3455 «
931 3394 1061 3484 gloriae
1092 3393 1283 3482 cupiditate
1309 3393 1514 3482 flagrantem
1540 3425 1554 3456 »
1586 3397 1635 3463 sic
1659 3397 1798 3480 docenS,

678 3501 900 3592 triumphum
932 3508 992 3566 out
1026 3528 1040 3557 o
1077 3500 1352 3589 supplicationes
1385 3530 1400 3563 a
1429 3524 1483 3569 res
1517 3503 1662 3571 omnino
1694 3528 1799 3574 venos

679 3617 782 3698 atque
797 3605 1068 3674 contemnendas
1089 3629 1165 3674 esse
1186 3626 1193 3674 :

715 3784 730 3817 a
752 3764 836 3820 Dices
852 3765 942 3828 enim,
957 3769 989 3819 ut
1013 3781 1045 3819 es
1059 3760 1149 3819 homo
1165 3764 1280 3820 facetus
1299 3764 1335 3819 ad
1351 3764 1602 3835 persuadendum,
1618 3768 1797 3832 concinnus,

679 3854 839 3926 perlectus,
860 3854 969 3925 politus
985 3871 1021 3909 ex
1045 3854 1166 3908 schola:
1184 3853 1287 3919 «Quid
1303 3858 1356 3918 est,
1374 3854 1490 3919 Caesar,
1506 3855 1586 3924 quod
1608 3859 1636 3909 te
1653 3856 1799 3927 supplica-

679 3947 775 4001 tiones
792 3945 900 3999 totieus
913 3944 975 4014 ,iam
992 3944 1128 3999 decretae
1154 3948 1197 3997 tot
1218 3943 1334 3997 dierum
1359 3947 1441 3997 tanto
1471 3957 1561 4012 opere
1585 3940 1754 3997 delectent?
1770 3943 1799 3997 in

680 4035 787 4105 quibus
809 4034 945 4087 homines
961 4049 1061 4087 errore
1084 4033 1248 4094 ducuntur,
1264 4048 1333 4102 qttcs
1345 4032 1375 4086 di
1390 4031 1559 4098 neplepuat;
1575 4032 1634 4100 qui,
1651 4036 1683 4085 ut
1699 4037 1801 4086 noster

679 4124 796 4177 divinus
810 4122 858 4176 illc
883 4122 954 4177 dixit
968 4122 1124 4192 Epicurus,
1139 4138 1227 4191 neque
1240 4122 1365 4189 propitio
1382 4122 1512 4189 cuiquam
1531 4134 1588 4172 esse
1604 4120 1695 4174 solent
1711 4136 1800 4190 neque

678 4213 758 4269 irati.
780 4235 793 4260 »
810 4214 873 4267 Non
888 4211 980 4265 facies
995 4210 1084 4265 fidem
1100 4209 1224 4273 scilicet,
1242 4226 1309 4265 cum
1324 4210 1396 4264 haec
1413 4208 1590 4277 disputabis;
1609 4208 1662 4263 tihi
1673 4210 1754 4263 enim
1772 4215 1801 4263 et

679 4316 743 4354 esse
760 4305 789 4354 et
803 4300 893 4354 fuisse
909 4300 1018 4354 videbit
1034 4300 1134 4353 iratos.
1151 4300 1254 4352 Vertes
1269 4302 1297 4351 te
1313 4298 1490 4352 adulteram
1506 4296 1656 4366 scholam:
1672 4298 1801 4352 disseres

711 4499 743 4559 (t)
755 4500 781 4545 Α.
799 4496 898 4545 Gellius
913 4496 978 4544 hoec
993 4493 1075 4544 verba
1098 4494 1218 4543 reserens
1233 4492 1309 4555 (XVl,
1335 4495 1358 4555 1)
1376 4493 1569 4544 animadvertit
1586 4508 1618 4544 ea
1646 4494 1726 4558 plane
1741 4509 1800 4545 res-

679 4569 797 4633 pondere
811 4581 908 4631 graeco
922 4565 1039 4615 Musonii
1056 4565 1212 4629 philosophi
1238 4585 1248 4609 o
1274 4560 1496 4636 ἐνθυμηματίῳ»
1512 4566 1541 4614 in
1572 4565 1672 4614 scholis
1702 4568 1800 4616 aetatis

679 4663 744 4699 suae
756 4647 853 4698 tradito
871 4650 897 4696 ot
911 4646 1030 4695 laudato.

709 4722 741 4782 (2)
757 4721 793 4769 De
808 4734 861 4781 qua
874 4717 1044 4782 separatima
1059 4715 1204 4765 verborum
1219 4714 1513 4764 artificioconsiderate
1526 4716 1577 4765 hoc
1593 4715 1653 4765 loco
1667 4715 1796 4766 dicimus.

710 4794 742 4851 (3)
760 4793 786 4840 et
798 4791 829 4850 (tl
845 4789 918 4838 Sicut
934 4789 961 4835 in
977 4788 1004 4834 L.
1018 4788 1149 4842 Pisonem,
1161 4787 1199 4844 56,
1219 4788 1256 4846 58,
1268 4787 1306 4842 59,
1324 4787 1362 4833 62.

710 4864 742 4923 (5)
757 4861 833 4918 thid,
849 4864 887 4919 20,
899 4863 942 4919 3⁸13
955 4871 1113 4921 quanquam
1137 4857 1227 4905 Cicero
1244 4856 1309 4905 dicit
1325 4872 1331 4903 :
1349 4876 1359 4899 a
1377 4855 1489 4919 Epicure
1512 4871 1544 4906 ex
1557 4858 1624 4908 hara
1655 4857 1799 4921 producte,

678 4946 734 4980 non
749 4946 781 4980 ax
795 4930 920 4980 schola...
938 4950 949 4973 o

712 5004 743 5065 ²6)
761 5002 834 5051 Tunc
846 5003 875 5051 in
886 5001 975 5051 Gallia
983 4999 1054 5049 balta
1064 5002 1212 5063 gerentem.
