4467 6167
835 350 839 604 Ι
879 350 1077 613 Ι
1568 393 1571 402 ι

835 612 839 621 ι

1972 1070 2324 1137 -79-

1025 1254 1303 1331 partem
1322 1240 1709 1309 disserendi
1732 1238 2285 1307 exercitationem
2309 1240 2382 1305 in
2406 1240 2879 1329 Peripateticis
2905 1242 3273 1310 Academi-

1041 1351 1279 1439 cisque
1329 1346 1680 1416 laudatam
1732 1346 1819 1415 ad
1883 1369 2082 1414 veras
2139 1369 2387 1414 causas
2437 1369 2560 1435 pro
2635 1347 2954 1414 mutabili
3020 1371 3264 1416 earum

1041 1457 1305 1523 ratione
1345 1456 1435 1521 M.
1467 1454 1741 1522 Tullius
1772 1453 2181 1521 adhibuisse
2210 1452 2554 1522 videatur.

1126 1564 1213 1631 Et
1271 1562 1582 1653 quidem,
1645 1562 1922 1630 etiamsi
1972 1583 2210 1628 rerum
2266 1560 2417 1651 ejus
2505 1561 2808 1650 generis,
2863 1560 2945 1629 de
3007 1562 3262 1653 quibus

1039 1692 1227 1738 nunc
1284 1672 1662 1761 loquimur,
1725 1669 2211 1736 tractationem
2264 1669 2542 1736 nonnisi
2616 1667 2700 1735 ad
2752 1672 3102 1736 ornandos
3147 1693 3270 1759 pro

1039 1778 1477 1864 singularum
1576 1798 1946 1845 causarum
2034 1776 2554 1866 opportunitate
2655 1798 2771 1843 eos
2874 1776 3059 1844 locos
3161 1777 3270 1844 vel

1037 1889 1318 1967 ἐντέχνως
1349 1885 1458 1953 vel
1510 1890 1767 1965 ἀτέχνους
1800 1881 1921 1971 (1),
1955 1904 2077 1972 per
2101 1904 2276 1971 quos
2304 1880 2662 1948 rhetorum
2692 1890 3059 1972 praecepta
3083 1884 3273 1950 varia

1038 1989 1573 2080 argumentandi
1630 2011 1888 2078 genera
1976 1987 2456 2077 designabant,
2535 1986 2933 2055 adhibuisse
3025 1990 3268 2056 existi—

1039 2097 1334 2165 mandus
1357 2103 1561 2182 esset,
1603 2103 1835 2163 tamen
1881 2096 2033 2185 ipsa
2080 2118 2197 2163 eas
2238 2095 2441 2162 aliter
2488 2095 2658 2162 alias
2704 2097 3043 2162 tractandi
3077 2095 3272 2163 utili-

1036 2215 1141 2273 tas
1179 2194 1530 2272 &ommuni
1600 2204 1919 2270 omnium
1984 2225 2356 2270 causarum
2414 2202 2679 2269 ratione
2736 2203 2935 2292 quasi
2977 2205 3272 2270 circum-

1036 2312 1466 2380 scribebatur
1499 2334 1517 2395 3
1560 2331 1786 2398 neque
1816 2309 2028 2391 enim,
2084 2309 2204 2398 qui
2244 2309 2678 2399 apertissime
2731 2309 3099 2397 professus.
3140 2317 3269 2395 est,

1038 2442 1111 2486 se
1141 2447 1171 2479 «
1208 2418 1482 2508 patroni
1514 2445 1545 2478 »
1579 2416 1890 2483 officium
1923 2416 2016 2483 ita
2042 2416 2448 2506 amplexum
2474 2437 2647 2494 esse,
2671 2420 2746 2504 ut
2772 2443 2803 2478 «
2831 2416 3198 2482 contrariis
3235 2444 3267 2477 »

1038 2549 1241 2617 saepe
1278 2525 1508 2593 causis
1547 2522 1910 2590 dicendis«
1946 2521 2188 2589 eadem
2205 2522 2288 2589 de
2317 2545 2388 2589 re
2419 2522 2594 2589 alias
2610 2521 2799 2589 aliud
2831 2521 3200 2590 defendere
3237 2550 3267 2583 »2

1037 2634 1323 2701 honeste
1363 2654 1439 2699 ac
1480 2630 1696 2698 libere
1736 2636 1967 2719 posset
1993 2631 2111 2715 (2),
2156 2628 2478 2696 eumdem
2522 2630 2858 2717 fugiebat,
2903 2628 2987 2698 ad
3048 2631 3269 2719 ipsam

1037 2742 1591 2826 uniuscujusque
1617 2758 1865 2803 causae
1890 2736 2268 2803 utilitatem
2289 2736 2588 2803 maxime
2609 2737 3272 2818 interesse,oratoris

1040 2876 1070 2910 «
1117 2847 1431 2916 moribus
1492 2876 1519 2906 »
1572 2844 1786 2936 (quod
1836 2865 2078 2932 graece
2121 2850 2314 2919 ἠθικὸν
2380 2842 2757 2912 vocabatur
2800 2844 2896 2930 (3)
2933 2844 2961 2932 ]
2999 2845 3271 2934 animos

1037 2978 1305 3039 eorum,
1340 2953 1521 3044 apud
1550 2974 1724 3043 quos
1766 2957 2021 3039 ageret,
2064 2973 2228 3041 erga
2268 2973 2430 3018 eum
2462 2949 2820 3017 conciliari
2855 2950 2974 3040 (4).
3004 2951 3105 3017 Ex
3134 2973 3271 3040 quo

1036 3062 1205 3152 quid
1234 3066 1667 3151 sequeretur,
1714 3059 1916 3125 facile
1947 3058 2245 3148 intelligi
2281 3064 2502 3147 potest
2544 3077 2558 3123 ε
2607 3080 2770 3125 nam
2803 3057 2884 3125 de
2927 3057 3271 3147 ejusmodi

1033 3192 1197 3237 sane
1230 3168 1463 3251 rebUS,
1491 3189 1669 3257 quae
1698 3189 1838 3233 non
1873 3172 2012 3232 tam
2044 3165 2128 3232 ad
2154 3167 2380 3255 ipsam
2414 3165 2702 3233 honeste
2740 3164 3023 3232 vivendi
3058 3166 3270 3232 ratio—

1035 3300 1194 3344 nem
1218 3278 1643 3367 pertinerent
1673 3295 1884 3363 quam
1913 3272 2275 3340 latioribus
2319 3302 2346 3333 «
2395 3272 2723 3339 scientiae
2765 3272 2990 3340 civilis
3026 3300 3057 3332 »
3120 3272 3273 3338 fini-

1037 3384 1163 3451 bus
1191 3384 1737 3466 continerentur,
1785 3402 1907 3470 pro
1953 3380 2312 3447 variarum
2356 3402 2726 3447 causarum
2773 3379 3267 3446 commoditate

1032 3492 1231 3558 aliter
1261 3491 1433 3558 alias
1463 3489 1813 3556 disserens
1827 3486 2060 3555 Cicero
2084 3487 2386 3554 inveniri
2420 3493 2644 3577 potest
2672 3515 2687 3554 ε
2714 3487 2906 3554 velut
2919 3486 3037 3575 jus
3064 3486 3268 3554 civile

1030 3599 1097 3664 in
1136 3599 1466 3665 Caecinae
1496 3594 1762 3685 judicio
1791 3596 1883 3683 (ὃ)
1927 3592 2356 3678 laudaverat,
2393 3593 2705 3682 ejusdem
2738 3595 3151 3683 dignitatem
3195 3594 3261 3659 in

1036 3706 1360 3770 Murenae
1392 3724 1599 3769 causa
1638 3703 1733 3792 (6)
1769 3702 2011 3783 irrisit,
2052 3741 2133 3750 —
2177 3700 2453 3769 dicendi
2497 3708 2717 3768 artem
2775 3700 2859 3768 ad
2923 3702 3270 3791 amplissi-

1030 3831 1224 3876 mum
1251 3809 1600 3877 honorum
1623 3808 1918 3898 gradum
1958 3806 2486 3898 adipiscendum
2525 3830 2712 3875 nunc
2754 3808 2820 3874 in
2856 3829 3111 3896 magna
3143 3807 3267 3899 (7),

1090 4053 1155 4115 (1)
1195 4052 1345 4101 Hanc
1379 4051 1789 4101 distinctionem
1844 4050 1911 4100 ab
1941 4050 2228 4101 Aristotele
2259 4052 2338 4101 ita
2369 4052 2605 4115 positam
2638 4051 2831 4111 (Rhea,
2868 4051 2960 4099 lib.
2991 4051 3030 4109 I,
3063 4064 3180 4114 cap.
3214 4053 3271 4111 2)

1027 4137 1217 4173 omnes
1246 4122 1354 4173 fere
1386 4123 1627 4172 rhetores
1658 4123 1994 4172 retinuerant
2020 4138 2032 4183 3
2060 4136 2375 4186 quanquam
2403 4124 2564 4187 paulo
2589 4123 2694 4172 alia
2724 4124 2934 4172 ratione
2965 4124 3270 4186 expositam

1026 4208 1149 4246 eam
1181 4194 1490 4244 invenimus
1520 4194 1579 4242 in
1603 4195 1798 4243 Partit.
1824 4196 1982 4252 orat.,
2007 4197 2110 4254 5-6,
2139 4194 2232 4244 ubi
2254 4194 2662 4257 distinguuntur
2687 4194 2790 4243 loci
2816 4196 2869 4243 in
2900 4209 2955 4242 re
2984 4196 3101 4258 ipsa
3123 4195 3273 4243 insiti

1026 4270 1081 4316 et
1108 4267 1387 4331 assumpti.
1414 4265 1495 4315 Ad
1525 4279 1619 4315 eos
1649 4265 1904 4324 maxime,
1930 4280 2066 4328 quos
2092 4265 2300 4325 πίστεις
2331 4263 2587 4339 ἀτέχνους
2618 4268 2923 4326 vocaverat,
2956 4265 3272 4315 Aristotcles

1026 4347 1140 4411 ipse
1171 4347 1428 4396 docuerat
1458 4344 1627 4405 (Rhet.
1661 4347 1699 4403 1,
1733 4345 1808 4407 15)
1840 4344 2114 4408 quomodo
2141 4346 2456 4395 exercitatio
2482 4347 2538 4395 in
2557 4350 2846 4409 utramque
2871 4349 3082 4410 partem
3115 4345 3270 4395 adhi-

1026 4418 1258 4467 beretur.
1292 4418 1364 4466 De
1395 4416 1599 4466 talibus
1634 4417 1771 4465 locis
1794 4430 1825 4464 a
1855 4417 2110 4466 Cicerone
2155 4418 2400 4466 tractatis
2431 4419 2484 4467 V.
2519 4420 2621 4466 Pro
2660 4418 2877 4466 Fonteio
2907 4418 3042 4481 (cap.
3076 4419 3273 4480 22-26)‚

1028 4490 1129 4537 Pro
1154 4489 1356 4538 Scauro
1374 4491 1578 4550 (44-45),
1597 4488 1690 4537 ubi
1716 4488 1780 4536 de
1803 4502 1993 4552 yenere
2028 4489 2241 4538 testium
2274 4488 2596 4554 disputatur,
2623 4518 2679 4524 —
2700 4491 2799 4537 l'no
2820 4490 3002 4537 Roscio
3025 4490 3270 4537 comoedo

1023 4564 1084 4610 46
1115 4562 1340 4623 (dejure
1347 4560 1631 4624 Jurando),
1655 4561 1758 4608 Pro
1783 4558 1958 4618 Sulla,
1987 4562 2137 4610 78-79
2168 4561 2252 4622 (de
2281 4560 2681 4624 quaestionibus
2721 4565 2770 4609 et
2798 4561 3097 4623 tormentis)
3126 4576 3138 4620 3
3167 4564 3268 4610 etc.

1091 4634 1157 4695 (2)
1190 4632 1265 4681 Cr.
1293 4634 1396 4681 Pro
1433 4632 1696 4690 CluentiO,
1718 4646 1834 4696 cap.
1863 4633 2029 4690 50-51,
2057 4632 2151 4682 ubi
2180 4632 2245 4681 de
2282 4650 2304 4678 «
2333 4632 2535 4693 judicio
2560 4633 2794 4681 tuniano
2828 4652 2850 4675 »
2889 4634 3081 4695 agitur,
3111 4647 3267 4696 prae-

1026 4704 1375 4763 sertim5139
1405 4706 1457 4752 et
1492 4706 1618 4761 142;
1656 4730 1707 4738 -
1749 4704 1826 4752 De
1862 4704 2008 4753 Orat.
2042 4703 2106 4761 ΙΙ,
2140 4705 2197 4752 30
2230 4718 2243 4763 ς
2277 4706 2437 4767 atque
2477 4704 2547 4752 De
2575 4704 2741 4767 Offinn,
2779 4704 2840 4762 ΙΙ,
2886 4706 2940 4752 51
2978 4703 3088 4766 (ubi
3124 4717 3266 4753 eam-

1028 4776 1153 4826 dem
1184 4775 1488 4825 libertatem
1509 4773 1672 4838 paulo
1703 4774 2063 4825 verecundius
2092 4774 2357 4827 vindicat.

1090 4847 1154 4911 (3)
1184 4847 1258 4897 Cf.
1291 4847 1443 4896 Orat.
1476 4847 1581 4903 128,
1642 4848 1745 4896 etc.

1092 4919 1158 4981 (4)
1188 4918 1263 4967 Cf.
1295 4919 1366 4967 De
1395 4918 1543 4967 Orat.
1577 4918 1615 4976 l,
1652 4919 1747 4978 87;
1785 4918 1848 4978 ΙΙ,
1883 4920 1990 4976 176,
2029 4918 2263 4979 182-184,
2292 4920 2396 4967 etc.

1088 4990 1155 5053 (5)
1194 4991 1296 5039 Pro
1341 4990 1588 5048 Caecina,
1616 5002 1733 5053 cap.
1767 4990 1824 5038 18
1852 4996 2005 5052 (nam
2036 5010 2059 5034 α
2092 4992 2207 5039 tota
2242 5004 2408 5039 causa
2441 4989 2504 5039 de
2538 4990 2714 5040 verbis
2750 4988 3021 5039 interdicti
3060 5002 3117 5037 er
3131 4990 3188 5037 at
3222 5006 3266 5046 υ,

1026 5061 1099 5111 cf.
1144 5062 1291 5111 Orat.
1327 5063 1461 5125 102).

1088 5132 1156 5197 (6)
1188 5134 1257 5183 Ut
1279 5132 1592 5183 notavimus
1621 5131 1781 5195 paulo
1809 5145 1971 5195 supra
2003 5146 2054 5195 p.
2080 5135 2156 5191 74,
2190 5135 2275 5185 77.

1088 5206 1157 5269 (Ἴ)
1186 5206 1289 5254 Pro
1327 5205 1568 5263 Murena,
1596 5204 1773 5252 29-30.
