4467 6167
1033 868 1200 934 ..14-

558 1038 704 1105 dicant»
724 1059 730 1117 ;
754 1059 866 1126 neque
893 1038 936 1105 ab
954 1045 1089 1106 oratore
1121 1039 1338 1107 audientium
1368 1047 1502 1108 mentes
1537 1044 1679 1110 tractari

559 1166 670 1231 posse,
687 1145 755 1212 nisi
771 1146 806 1211 in
826 1145 876 1212 eis
892 1144 995 1212 rebus
1014 1145 1279 1235 amplificandis
1301 1169 1390 1235 quae
1409 1146 1596 1236 fugiendae
1626 1149 1681 1217 vel

557 1240 767 1342 expetendae
780 1251 974 1327 videantur,
997 1251 1093 1338 vulgi
1105 1253 1221 1342 potius
1246 1274 1350 1341 quam
1372 1256 1582 1343 sapientium
1604 1278 1682 1322 sen-

557 1360 701 1428 tentiam
715 1366 881 1447 sequatur
896 1358 955 1448 (l).
971 1397 1009 1407 —
1025 1358 1069 1426 Et
1083 1359 1237 1449 quidem,
1250 1360 1279 1426 si
1291 1361 1368 1448 quis
1382 1359 1471 1429 hanc
1484 1362 1626 1429 Antonii
1638 1362 1680 1430 de

557 1467 779 1558 philosophia
791 1466 1060 1555 disputationem
1077 1488 1096 1532 a
1112 1467 1284 1535 sermonis
1304 1476 1464 1535 contextu
1483 1476 1679 1557 separatam

554 1574 834 1658 consideret,uon
845 1573 944 1640 modo
958 1574 1102 1640 miretur
1115 1579 1187 1640 tam
1207 1572 1394 1641 diversade
1410 1598 1447 1642 re
1466 1575 1588 1643 eadem
1605 1577 1677 1642 An·
1721 1646 1724 1653 ,

556 1683 691 1748 tonium
710 1681 835 1759 dicore,
855 1687 892 1748 nt
909 1703 960 1759 ea,
983 1667 1070 1769 uuae
1091 1686 1124 1748 et
1144 1680 1179 1746 in
1203 1685 1324 1748 Crasso
1348 1682 1450 1749 modo
1480 1682 1680 1771 probaverit

556 1789 638 1855 etin
659 1787 896 1855 Charmadase
909 1787 1225 1876 anteaprobavisse
1241 1790 1502 1873 memoraverit,
1516 1778 1612 1857 nunc
1624 1811 1678 1857 ra-

557 1893 700 1983 pudiare
712 1893 870 1963 videatur
883 1919 892 1979 3
908 1917 1032 1962 verum
1047 1895 1151 1961 etiam
1165 1894 1231 1962 hoc
1247 1918 1363 1963 secum
1378 1901 1525 1985 reputet,
1543 1896 1680 1964 Cicero-

556 2023 650 2079 nem,
663 2040 702 2052 -
716 2024 781 2068 noo
791 2002 944 2069 curando
957 2008 990 2068 ut
1003 2002 1239 2069 haeoAntonii
1252 2004 1509 2091 argumentatio
1521 2026 1541 2070 a
1555 2004 1679 2072 Crasso

557 2107 779 2191 refutaretur,
797 2150 841 2158 —
859 2110 1014 2176 effecisse
1043 2116 1081 2175 ut
1114 2110 1226 2199 ipsam
1249 2110 1465 2199 opinionem,
1496 2133 1603 2200 quam
1641 2134 1679 2179 se

558 2215 662 2282 tutari
678 2216 711 2281 in
730 2216 909 2305 prooemio
926 2216 1205 2304 significavisset‚
1224 2217 1260 2282 in
1294 2216 1449 2306 aliquam
1490 2215 1679 2284 dubitatio-

557 2344 636 2388 nem
656 2321 842 2389 adduceret
864 2346 871 2405 ;
895 2322 954 2389 sed
974 2322 1063 2389 hanc
1079 2323 1222 2389 Antonii
1240 2345 1355 2390 cuma
1385 2323 1507 2389 Crasso
1519 2328 1594 2390 tum
1611 2346 1679 2391 ase

556 2430 633 2518 ipso
667 2427 920 2497 dissensionem
936 2451 1143 2497 evanescere
1164 2430 1194 2496 is
1219 2437 1392 2519 agnoscet,
1424 2431 1484 2519 qui
1518 2437 1679 2498 accurate

557 2537 786 2626 perspexerit,
802 2542 836 2603 et
852 2556 920 2625 quo
942 2536 1081 2602 Antonii
1098 2534 1289 2625 disputatio
1309 2538 1428 2603 tendat
1450 2542 1483 2603 et
1503 2536 1680 2626 quomodo

557 2642 594 2708 in
609 2664 807 2710 sermonem
823 2643 1021 2710 introducta
1037 2644 1093 2709 sit.

597 2749 647 2815 Eo
667 2750 760 2816 enim
784 2750 955 2816 sermonis
972 2755 1114 2839 puncto,
1135 2749 1194 2816 ubi
1212 2750 1395 2827 Antonius,
1418 2750 1509 2816 sicut
1535 2758 1681 2838 rogatus

555 2864 619 2938 est,
655 2858 808 2946 suscepit
841 2858 1107 2946 explicationem
1133 2841 1265 2935 eorum,
1298 2879 1387 2946 quae
1420 2855 1461 2923 de
1496 2855 1680 2925 rhetorum

494 3038 496 3041 ,
554 2971 627 3031 arte
641 2962 834 3032 brevitora
863 2964 985 3031 Crasso
1007 2964 1081 3053 jam
1106 2964 1252 3032 decursa
1270 2966 1340 3032 sint
1360 2964 1418 3052 (2),
1459 2962 1544 3028 nihil
1587 2972 1680 3032 esset

554 3094 615 3138 cur
635 3071 677 3138 de
698 3071 920 3162 philosophia
932 3073 1170 3162 cognoscenda
1186 3095 1307 3139 rursus
1328 3072 1600 3161 disputationem
1625 3074 1680 3140 in-

555 3180 726 3254 stitueret,
766 3179 834 3245 nisi
863 3179 1017 3261 Crassus,
1054 3187 1131 3269 post
1165 3180 1347 3247 recollecta
1368 3209 1382 3239 c
1414 3181 1535 3246 artis»
1577 3203 1681 3270 prae·

555 3291 654 3376 cepta
692 3284 737 3375 (3)
763 3286 805 3353 de
827 3315 842 3348 ι(
864 3287 1108 3354 exercitatione
1131 3315 1146 3348 »
1171 3310 1319 3377 quoque
1353 3288 1587 3376 interrogatus
1615 3287 1678 3378 (l),

554 3415 664 3482 pauca
679 3394 784 3460 otiam
803 3393 844 3460 de
858 3395 1024 3462 varietate
1060 3395 1199 3476 artium,
1231 3417 1318 3483 quas
1351 3396 1478 3461 oratori
1507 3396 1680 3485 complec-

553 3500 674 3567 tendas
693 3507 861 3583 censeret,
881 3502 1077 3591 repetiisset
1090 3500 1136 3591 (5)
1156 3523 1163 3570 :
1186 3501 1277 3568 inter
1292 3524 1378 3591 quas
1402 3503 1569 3591 quoniam
1585 3502 1680 3592 juris

554 3608 667 3676 civilis
683 3606 863 3673 scientiam
888 3613 925 3673 ut
947 3608 1074 3674 oratori
1100 3610 1331 3676 necessariam
1359 3607 1502 3675 Crassus
1523 3611 1681 3677 maxima

555 3736 635 3781 cum
665 3716 764 3803 copia
792 3714 980 3804 separatim
1002 3714 1228 3803 amplificavit
1249 3716 1305 3803 (6),
1337 3715 1464 3782 idcirco
1498 3717 1679 3783 Antonius
1729 3773 1732 3781 .

554 3821 653 3909 quasi
667 3819 819 3909 quodam
831 3821 1088 3888 contradicendi
1109 3821 1225 3889 studio
1245 3822 1413 3890 adductus
1426 3822 1476 3888 illi
1499 3824 1678 3890 variarum

553 3926 789 3994 doctrinarum
805 3927 847 3994 ad
867 3928 1103 4016 eloquentiam
1120 3927 1336 4017 adjunctioni
1377 3928 1555 3996 adversari
1587 3931 1680 3997 inci-

554 4036 615 4123 pit,
635 4035 839 4125 praesertim
859 4057 939 4102 cum
960 4035 1033 4125 ipse
1044 4035 1136 4124 juris
1165 4036 1288 4111 civilis,
1302 4044 1340 4103 ut
1353 4036 1481 4103 fatetur
1497 4036 1557 4126 (7),
1577 4038 1679 4126 igna-

553 4164 624 4225 rus,
647 4165 718 4223 eos,
740 4141 1164 4231 quihacscientianudati
1186 4143 1229 4209 ad
1251 4166 1371 4211 causas
1388 4143 1552 4210 dicendas
1581 4166 1680 4212 acce-

553 4248 686 4330 derent,
709 4271 788 4316 cum
811 4278 825 4309 α
852 4250 998 4317 inertiae
1016 4278 1031 4310 a
1050 4255 1125 4316 tum
1146 4251 1250 4317 etiam
1274 4279 1287 4309 «
1311 4251 1585 4340 impudentiae»
1621 4275 1679 4319 ve·

554 4356 736 4425 hementer
750 4356 975 4425 condemnari
991 4379 1010 4423 a
1026 4355 1163 4435 Crasso,
1201 4397 1240 4405 -κ
1261 4357 1344 4424 licet
1374 4358 1448 4446 ipse
1473 4356 1515 4424 ab
1550 4357 1677 4426 eodem

586 4596 617 4657 (1)
635 4596 673 4642 ne
690 4595 732 4644 cr.
751 4596 771 4653 1,
785 4597 840 4656 221,
854 4599 909 4655 224,
923 4598 977 4646 aas.

585 4668 618 4727 p,
634 4668 671 4715 ne
687 4661 730 4716 ο).
746 4668 765 4726 1,
781 4668 835 4730 148,
851 4670 966 4717 ror-ror.

584 4740 618 4801 (3)
633 4740 671 4787 ne
683 4739 763 4798 oar,
779 4740 892 4789 rar-ru.

586 4812 619 4872 u)
634 4809 711 4868 nia,
727 4812 780 4859 us.

585 4883 618 4942 (5)
635 4881 713 4941 mia,
730 4884 843 4933 rsa-159.

586 4955 618 5015 (6)
636 4954 713 5013 rora,
730 4955 843 5003 roc-roa.

585 5026 617 5087 (τ)
637 5025 714 5088 nia,
730 5028 784 5075 ras.
801 5026 900 5077 crasa
