4467 6167
1049 1492 1051 1496 -
1101 1451 1249 1527 CAPUT
1279 1452 1312 1520 ΙΙ

652 1658 745 1739 Quid
769 1659 987 1749 potissimum
1002 1686 1067 1749 per
1088 1667 1257 1734 Ciceronis
1277 1669 1444 1739 orationes
1471 1673 1597 1743 rationi
1617 1676 1660 1742 ob
1691 1678 1764 1767 ipso

915 1770 1089 1858 onpositce
1107 1774 1311 1862 respondere
1329 1777 1495 1845 videatur.

1210 2140 1220 2193 Ι

695 2376 789 2457 Quas
803 2374 944 2439 intimas
964 2374 1143 2463 suiipsius
1159 2376 1424 2444 commendandi
1447 2380 1597 2448 rationes
1617 2382 1660 2449 M.
1683 2384 1764 2451 Tul-

647 2485 715 2551 lius
732 2482 804 2548 suis
837 2478 878 2546 de
898 2479 1121 2570 philosophia
1136 2482 1179 2548 ad
1199 2483 1436 2571 eloquentiam
1457 2485 1677 2575 adjungenda
1698 2490 1763 2558 dis·

646 2586 885 2680 putationibus
905 2587 1103 2670 inseruerit,
1136 2589 1227 2657 haud
1244 2592 1396 2679 prolecto
1413 2592 1540 2660 idcirco
1578 2596 1764 2685 explicavi-

646 2701 788 2777 mus,ut
815 2693 888 2781 ejus
913 2693 948 2758 in
973 2715 1012 2759 ea
1044 2717 1080 2761 re
1096 2696 1288 2763 sententiae
1317 2699 1505 2765 auctoritas
1531 2700 1761 2770 minueretur.

645 2806 744 2887 Nam,
761 2802 820 2890 qui
844 2799 886 2866 ab
900 2799 1119 2868 adulescente
1139 2824 1279 2870 omnem
1295 2804 1366 2871 tere
1383 2804 1685 2894 philosophiarum
1706 2833 1763 2876 va-

644 2913 816 2990 rietatem,
835 2930 924 2997 quae
940 2907 1079 2995 quidem
1097 2931 1136 2975 ea
1154 2916 1264 2977 aetate
1280 2910 1444 2998 vigebant
1463 2918 1495 2977 ei
1517 2912 1684 2981 florebant
1701 2919 1760 2998 (li,

643 3020 864 3095 lustraverat,
882 3020 916 3081 et
935 3013 1024 3080 idem
1047 3015 1227 3082 rhetorum
1243 3038 1322 3083 cum
1350 3016 1539 3085 latinorum
1571 3027 1645 3086 tum
1666 3043 1765 3103 grae-

642 3147 762 3193 corum
792 3122 928 3191 scholas
948 3123 1240 3210 frequentaverat,
1269 3162 1313 3171 -
1346 3124 1517 3211 quiscum
1539 3123 1763 3215 redargueret

641 3234 888 3310 affirmantem,
907 3252 942 3295 se
959 3229 1248 3295 Academicorum
1262 3229 1462 3318 disciplinae
1479 3230 1556 3319 plus
1584 3254 1689 3321 quam
1706 3236 1760 3301 vel

641 3341 765 3408 ceteris
801 3337 1089 3428 philosophorum
1123 3334 1266 3401 familiis
1306 3338 1358 3401 vel
1384 3364 1397 3393 o
1432 3335 1612 3405 rhetorum
1654 3340 1762 3408 offici·

641 3448 695 3514 nis
716 3446 763 3535 (2)
791 3474 806 3506 »
824 3444 865 3510 ad
880 3444 1132 3529 assequendam
1156 3464 1245 3519 eam,
1273 3464 1341 3530 qua
1364 3441 1591 3531 gloriabatur,
1622 3445 1758 3514 dicendi

641 3553 778 3641 copiam
798 3549 957 3617 debuisse
972 3551 987 3613 ‘l
1002 3546 1090 3627 Quia
1105 3546 1265 3614 videlicet
1284 3571 1362 3615 cum
1384 3571 1423 3615 eo
1452 3550 1588 3617 dicendi
1618 3575 1759 3633 genere,

641 3657 731 3747 quod
753 3657 818 3723 sibi
835 3658 952 3724 animo
973 3661 1181 3744 proponeret
1211 3676 1349 3742 quoque
1369 3661 1494 3722 natura
1510 3657 1585 3746 ipsa
1616 3657 1702 3727 duce
1724 3685 1760 3729 se

640 3762 722 3830 ferri
756 3760 823 3828 sihi
857 3762 1018 3827 conscius
1046 3768 1147 3844 esset,
1177 3759 1266 3827 hanc
1300 3761 1507 3830 Academiae
1537 3763 1758 3854 disciplinam

640 3871 995 3957 maximecongruere
1016 3867 1484 3958 senserat,velautequamid
1499 3872 1757 3940 certisrationi-

640 3977 703 4044 hus
727 3978 957 4066 intellegeret,
981 4015 1024 4024 -
1051 3974 1181 4041 idcirco
1208 3981 1242 4041 et
1266 3976 1300 4040 in
1323 3976 1435 4063 prima
1457 3977 1693 4047 adulescentia
1709 3980 1757 4068 (3(

641 4084 777 4152 Philoni
796 4086 942 4151 Romam
959 4083 1156 4171 migranti«
1175 4089 1288 4149 totum
1311 4112 1338 4169 u,
1362 4091 1398 4150 ut
1415 4084 1488 4173 ipse
1511 4085 1670 4177 cixilla),
1686 4121 1699 4148 α
1721 4112 1757 4156 se

637 4191 824 4258 tradiderat
842 4222 871 4278 o,
894 4197 927 4257 et
942 4197 1019 4281 post
1034 4190 1220 4257 nonnullas
1232 4189 1304 4277 jam
1324 4190 1431 4258 dictas
1447 4214 1569 4259 causas
1586 4196 1633 4281 25)
1651 4222 1666 4255 o
1682 4201 1756 4261 stu-

637 4298 734 4365 dium
782 4297 1025 4388 philosophiae
1061 4319 1243 4386 nunquam
1273 4298 1514 4365 intermissum
1537 4328 1551 4360 o
1581 4302 1755 4369 Antiocho

665 4516 697 4578 (tt
712 4515 781 4564 Nam
791 4514 949 4574 Antiochus,
962 4514 1123 4565 Academiae
1134 4516 1269 4580 princeps,
1281 4532 1361 4581 quem
1375 4519 1465 4569 Cicero
1479 4519 1610 4581 audierat,
1621 4523 1757 4587 Peripate·

637 4587 705 4637 ticos
730 4587 908 4648 simulatque
932 4585 1117 4637 Academicos,
1135 4589 1256 4650 sesequi
1277 4590 1366 4639 aiebat
1391 4590 1437 4653 (tls.
1466 4606 1557 4657 supra,
1572 4608 1597 4657 p.
1612 4596 1650 4655 39,
1678 4609 1706 4644 n.
1719 4598 1754 4658 4),

636 4685 666 4694 -
678 4659 705 4707 et
717 4659 808 4707 Cicero
822 4659 881 4721 ipse
898 4661 995 4722 postea
1010 4660 1202 4722 Peripateticos
1213 4661 1347 4722 quosdam
1358 4664 1495 4724 cognovit.

668 4731 700 4792 (2)
714 4730 788 4778 Sicut
800 4729 898 4778 dicitur
908 4731 935 4778 in
950 4729 1035 4789 Oroi,
1053 4734 1090 4780 lu.
1464 4785 1467 4792 ,

668 4800 700 4861 (3)
716 4801 794 4849 Anno
807 4801 862 4858 666,
878 4802 970 4864 -ipse
984 4800 1170 4865 duodeviginti
1186 4818 1271 4854 annos
1286 4807 1376 4855 natus.

668 4871 700 4932 (4(
718 4871 756 4919 ct.
773 4872 859 4930 Brut,
892 4873 945 4920 306.
961 4873 998 4922 De
1013 4871 1059 4921 illo
1077 4873 1196 4933 Philone,
1207 4874 1241 4924 cl.
1258 4889 1348 4939 supra,
1362 4890 1387 4939 p.
1405 4878 1433 4923 24
1447 4881 1473 4927 et
1484 4881 1523 4925 44.

668 4941 699 5003 (5)
716 4943 749 4992 Ut
764 4946 876 5006 apparet
887 4957 919 4991 ex
933 4943 1025 5002 Bruto,
1039 4946 1094 4992 312.
