4467 6167
1017 831 1216 896 -toa-

562 1005 651 1068 atque
667 995 721 1050 hac
738 1010 797 1050 nna
812 993 967 1064 sapientia.
984 995 1063 1065 qnod
1081 995 1205 1052 deorum
1229 997 1352 1052 numine
1369 997 1472 1052 omnia
1496 998 1559 1068 regi
1576 997 1675 1070 guber·

563 1087 686 1156 narique
702 1087 917 1155 perspeximus.
930 1099 1034 1140 omnes
1053 1089 1157 1158 gentes
1169 1084 1366 1157 nationesque
1379 1086 1588 1157 superavimus
1600 1085 1646 1158 (l).
1663 1106 1673 1134 ι

607 1251 647 1317 Et
663 1249 840 1340 quidemn
861 1249 987 1316 Stoicis
1001 1251 1152 1318 maxime
1167 1273 1242 1318 eam
1260 1252 1430 1319 rationem
1451 1251 1525 1343 jam
1545 1252 1675 1342 pridem

561 1359 740 1426 defensam
769 1355 906 1424 ridebat
928 1367 1054 1446 ineque
1070 1359 1166 1424 euim
1186 1363 1317 1425 temere
1344 1359 1381 1425 in
1402 1360 1475 1426 suis
1490 1359 1532 1427 de
1546 1363 1675 1429 ll'cturc

561 1465 698 1530 delirum
712 1461 808 1530 libris
825 1463 866 1544 Q.
891 1463 1023 1530 Lucilio
1039 1462 1147 1529 Balbo
1159 1463 1356 1532 Stoicorum
1379 1468 1540 1533 sectatori
1564 1466 1677 1534 delen·

560 1571 709 1638 dendam
734 1593 811 1636 eam
826 1570 1030 1659 assignarit!
1049 1572 1109 1658 [2,.
1128 1591 1197 1658 qua
1225 1579 1327 1638 utens
1348 1571 1505 1640 hocloco
1525 1574 1676 1641 affirma-

563 1677 631 1750 bat.
663 1699 730 1744 non
765 1685 899 1744 tantum
925 1676 1007 1743 deos
1040 1699 1115 1743 esse
1139 1677 1248 1765 (quod
1273 1700 1318 1745 ne
1344 1680 1506 1770 Epicurei
1537 1680 1675 1770 quidem

560 1783 764 1870 negabant).
787 1783 845 1850 seu
865 1805 987 1849 eorum
1007 1790 1182 1850 menteac
1212 1786 1356 1853 numine
1389 1788 1507 1853 omnia
1542 1790 1615 1878 regi
1646 1797 1677 1857 ot

560 1889 746 1978 gubernari
778 1891 796 1955 3
815 1940 824 1958 .
843 1889 1019 1979 —quade
1039 1913 1075 1956 re
1090 1890 1287 1958 Academici
1302 1891 1530 1961 Carneadiam
1544 1901 1677 1962 senten·

562 1999 645 2062 tiam
667 1997 787 2064 secuti.
823 2018 890 2063 uon
911 2005 949 2063 ut
968 2004 1150 2085 negantes,
1184 1997 1244 2066 sed
1264 2006 1303 2065 ut
1329 1998 1543 2082 dubitanteS,
1570 2003 1677 2069 multa

560 2112 848 2190 argumentorum
869 2105 968 2193 copia
1001 2113 1120 2170 contra
1148 2105 1280 2172 Stoicos
1308 2105 1486 2194 disputare
1516 2107 1677 2174 institur-

560 2220 636 2276 rant
657 2211 710 2298 ιΞ.
733 2211 820 2276 sieut
835 2211 872 2276 t'..
891 2210 1074 2277 Aurelium
1096 2210 1231 2278 Cottam
1252 2210 1358 2279 Balbo
1384 2215 1676 2282 contradicentem

560 2319 595 2383 iu
621 2319 721 2383 tertio
741 2326 780 2384 de
800 2317 933 2384 ,t'arura
958 2317 1096 2384 deorum
1131 2318 1219 2385 libro
1235 2320 1416 2386 inductum
1435 2319 1595 2388 videmus
1613 2345 1620 2403 3
1640 2362 1673 2370 -

560 2427 695 2492 Stoicos
715 2427 853 2492 eosdem
877 2426 977 2512 {sieut
999 2447 1039 2490 ex
1065 2425 1123 2491 illa
1147 2426 1245 2493 Balbi
1265 2426 1500 2515 disputatione
1521 2431 1573 2516 (5)
1589 2427 1675 2515 judi·

559 2556 636 2598 eure
653 2533 757 2598 etiam
780 2533 871 2620 lieet]
894 2529 1038 2598 habebat
1060 2541 1219 2599 auctores
1245 2531 1348 2620 hujus
1373 2533 1516 2599 rationis
1536 2533 1580 2600 ab
1601 2535 1674 2600 uui-

560 2661 658 2705 rerso
671 2639 799 2706 mundo
815 2639 855 2704 ad
872 2660 981 2726 genus
998 2638 1205 2720 humanum,
1218 2638 1341 2706 deinde
1352 2639 1521 2728 agenoris
1533 2639 1675 2707 humani

560 2748 785 2812 universitate
806 2745 847 2812 nd
862 2747 1017 2832 singulas
1032 2747 1247 2813 nationesiia
1262 2745 1495 2820 deducendae,
1509 2753 1547 2813 ut
1564 2748 1674 2837 ipsam

559 2853 696 2940 imperii
720 2855 852 2918 romani
875 2855 1154 2941 progressionem
1183 2861 1215 2919 et
1243 2852 1521 2942 magnitudinem
1547 2853 1589 2920 ad
1606 2856 1675 2920 siu-

558 2960 715 3047 gulnrem
757 2959 901 3026 deorum
937 2961 1155 3026 curationem
1187 2959 1359 3047 singulari
1387 2960 1508 3048 populi
1541 2962 1676 3027 romani

560 3066 677 3154 pietati
699 3087 736 3131 ue
759 3066 916 3153 religioni
938 3068 1088 3133 maxime
1110 3066 1376 3155 respondentem
1392 3068 1522 3133 rel'erre
1547 3074 1672 3156 posset.

603 3173 701 3251 Quod
718 3182 835 3239 autem
851 3183 968 3240 noster
987 3181 1102 3240 orator
1120 3173 1182 3240 has
1201 3175 1294 3262 ipsas
1307 3174 1457 3239 rationes
1472 3195 1512 3240 ao
1532 3175 1676 3241 consilio

559 3280 766 3369 proterebat.
802 3290 839 3347 ut
859 3281 1093 3361 coutimnarei,
1121 3303 1169 3358 se,
1191 3279 1353 3369 quamvis
1380 3309 1395 3340 u
1416 3280 1452 3346 in
1479 3280 1676 3347 litterarum

556 3386 671 3452 studio
687 3396 862 3452 ieiunium
891 3417 918 3456 n.
936 3385 1167 3453 nihilominus
1183 3393 1298 3453 tamen
1321 3416 1335 3446 ἰ
1366 3386 1610 3473 magnitudine
1626 3410 1677 3454 0s-

557 3494 642 3558 tenti
660 3501 692 3558 et
707 3496 876 3580 gruritate
898 3494 1054 3582 responsi
1076 3492 1301 3559 veliementer
1320 3515 1394 3560 esse
1407 3503 1623 3561 commotum
1644 3518 1673 3576 n,

555 3600 644 3664 —in
658 3599 720 3665 hoe
738 3602 886 3666 maxime
904 3601 1039 3666 Stoicos
1052 3601 1273 3689 potissimum
1290 3599 1522 3688 sequebatur:
1537 3602 1597 3689 qui
1614 3601 1676 3667 soli

558 3706 646 3771 iuter
663 3704 889 3795 philosophos
909 3707 968 3794 pi),
991 3715 1027 3772 ut
1053 3709 1087 3772 in
1107 3707 1233 3773 ceteris
1252 3707 1358 3773 etiam
1380 3710 1578 3774 communis
1601 3709 1676 3774 reli-

556 3813 670 3901 gionis
683 3812 846 3880 colendae
863 3821 973 3880 certas
991 3815 1141 3882 rationes
1157 3814 1358 3899 afferebant,
1391 3816 1439 3881 ita
1454 3816 1572 3882 omnia
1586 3815 1676 3880 divi-

599 4049 608 4095 l
639 4049 674 4096 De
689 4048 865 4111 lluruspicirui
880 4060 1013 4111 responso.
1028 4049 1063 4095 ta.

587 4121 620 4166 ,Ἣ
636 4119 666 4167 ln
681 4120 747 4169 libro
766 4121 796 4168 ii.
808 4145 838 4154 -
852 4118 896 4166 ubi
913 4117 1007 4166 euclem
1023 4117 1076 4166 lere
1088 4118 1178 4176 rerba,
1192 4132 1261 4181 quae
1278 4132 1311 4167 ex
1337 4121 1405 4168 orat.
1422 4120 1459 4168 lie
1471 4120 1588 4184 Hcrrrsp.
1603 4134 1673 4184 resp.

555 4191 748 4253 excerpsimus.
769 4190 846 4239 initio
872 4187 947 4237 uoltu
972 4189 1103 4238 orationis
1127 4191 1158 4251 xi'·
1184 4189 1360 4239 invenimus:
1385 4205 1398 4239 u
1412 4190 1476 4254 quid
1490 4192 1564 4241 enim
1585 4194 1676 4255 potest

555 4273 615 4308 esse
631 4264 686 4308 tam
702 4266 824 4324 apertum
842 4263 950 4322 turrique
972 4261 1154 4323 perspicuum.
1167 4275 1229 4309 rum
1243 4262 1349 4311 eaelum
1365 4262 1579 4327 suspeximus...,
1592 4269 1643 4315 etc.
1662 4284 1673 4308 »ι

587 4331 608 4390 (3
636 4334 665 4381 t'.
679 4331 840 4381 divisionem
856 4345 870 4378 a
886 4330 967 4379 Balbo
977 4332 1104 4393 positam.
1122 4331 1160 4379 De
1177 4332 1237 4380 Nol.
1251 4333 1323 4380 (leur.
1339 4334 1371 4383 ll.
1388 4336 1410 4382 3.

585 4406 619 4458 itt
633 4402 671 4452 Ci.
683 4405 721 4452 De
735 4405 796 4451 Not.
813 4403 885 4450 deor.
903 4403 947 4452 Li
963 4416 969 4450 :
989 4429 1014 4436 -
1030 4402 1075 4454 lli.
1089 4403 1214 4466 passim:
1230 4430 1260 4438 -
1278 4404 1310 4454 lt.
1336 4406 1387 4453 tet-2.
1426 4426 1430 4432 ·

586 4475 608 4534 ὠ·
634 4474 661 4522 t'.
681 4475 838 4537 praesertim
856 4473 958 4521 ici-tat}
994 4473 1028 4518 ia·
1044 4474 1105 4522 λιιι.
1129 4475 1201 4521 deor.
1226 4474 1249 4522 ll
1271 4476 1338 4532 {eui
1367 4477 1467 4525 rationi
1490 4477 1566 4527 Cotta
1581 4477 1674 4527 adver-

554 4547 628 4594 satur
636 4546 663 4593 in
676 4545 745 4594 libro
757 4546 801 4600 lli,
814 4546 893 4592 arua.
907 4544 976 4591 -ln
989 4543 1056 4591 libro
1069 4545 1100 4602 ΙΙ,
1115 4547 1137 4596 8.
1153 4544 1251 4593 Balbus
1267 4545 1305 4593 ita
1320 4544 1374 4594 iore
1391 4546 1520 4609 loquitur,
1538 4550 1568 4597 ut
1584 4550 1674 4598 t'n'cero

554 4617 581 4665 in
593 4619 659 4665 orat.
675 4618 707 4665 de
722 4622 831 4679 itarrnp.
848 4629 930 4678 resp:
947 4633 990 4662 o...
1007 4616 1047 4674 Et,
1062 4613 1349 4664 sironferrerolumus
1362 4620 1531 4666 nostrarum
1546 4620 1675 4678 externis,

554 4689 649 4737 ceteris
665 4688 744 4737 rebus
760 4691 805 4737 aut
816 4700 893 4751 pares
907 4688 954 4734 aut
969 4686 1050 4735 etiam
1075 4686 1215 4735 inferiores
1244 4687 1417 4750 reperiemur,
1434 4689 1574 4751 religione,
1593 4690 1676 4739 idest

554 4759 629 4807 cultu
644 4759 764 4814 deorum,
781 4759 867 4807 multo
883 4758 1035 4820 superiores
1050 4778 1091 4807 u...

587 4831 617 4891 20)
633 4831 671 4881 ct.
685 4833 719 4880 ile
734 4832 794 4880 ⁴t'rrt.
807 4830 877 4878 deor.
897 4830 929 4887 ll,
942 4831 987 4877 ica
999 4844 1004 4886 ;
1018 4830 1056 4878 De
1067 4830 1183 4878 Dieinot.
1199 4829 1241 4878 1.ss
1254 4843 1259 4877 :
1273 4855 1297 4864 -
1312 4841 1470 4893 quanquam
1480 4830 1552 4880 inter
1565 4831 1673 4881 Stoicos

552 4902 721 4950 Panaetius«
738 4915 794 4951 non
809 4913 874 4949 sane
888 4914 971 4949 ausus
985 4902 1042 4949 erat
1061 4913 1160 4964 negare
1176 4899 1232 4946 rim
1247 4913 1307 4948 esse
1322 4899 1473 4959 divinandi,
1490 4901 1537 4951 sed
1552 4901 1675 4952 dubitare

553 4971 698 5022 sedixerat
714 4989 737 5021 o.
