4467 6167
1032 751 1138 869 {75
1164 843 1206 853 ..

565 974 602 1039 in
628 972 786 1039 universi
805 972 947 1062 generis
974 970 1211 1060 disputatione
1237 974 1449 1050 versaretur,
1480 968 1676 1057 cujusmodi

564 1078 752 1146 formulam
768 1080 885 1167 ipsum
900 1080 937 1145 in
954 1077 1085 1168 Topicis
1096 1078 1188 1144 inter
1200 1077 1268 1145 alia
1285 1104 1301 1139 «
1322 1077 1540 1144 infinitarum
1555 1097 1680 1164 quaes-

564 1188 701 1253 tionum
718 1185 766 1275 (l)
778 1216 792 1246 n
815 1185 1032 1274 exemplasio
1048 1184 1282 1274 proferentem
1294 1184 1494 1251 invenimus
1514 1204 1520 1251 :
1541 1213 1597 1252 r...
1615 1185 1680 1251 elo·

565 1290 743 1380 qiieotioue
758 1291 868 1379 pluris
881 1290 926 1357 sit
949 1315 994 1357 oo
1017 1291 1105 1375 juris
1119 1290 1375 1359 ciuilisscieotio
1397 1290 1444 1380 (2)
1469 1319 1496 1359 o.
1517 1291 1573 1358 Sic
1584 1292 1677 1358 enim

564 1397 792 1487 intelligebat,
813 1420 935 1465 omnes
955 1419 1077 1464 causas
1104 1399 1208 1464 certis
1228 1399 1386 1487 personis
1402 1423 1440 1467 ao
1462 1400 1677 1491 temporibus

564 1505 724 1572 delinitas
744 1505 786 1572 ad
817 1505 880 1572 hoc
906 1527 1017 1593 genus
1048 1529 1064 1569 a
1096 1505 1313 1573 infinitarum
1333 1508 1578 1594 quaestionum
1607 1515 1677 1576 »et

564 1614 711 1679 latenter
732 1613 907 1702 pertinere
927 1619 960 1679 et
982 1614 1140 1679 oratione
1169 1614 1301 1679 revolvi
1321 1635 1421 1703 posse
1437 1614 1498 1703 (3),
1519 1655 1557 1663 -
1579 1614 1678 1703 cujus

564 1720 735 1809 generis«
757 1721 979 1809 quaestiones
997 1748 1013 1781 »
1031 1720 1112 1809 quia
1139 1719 1296 1787 rhetores
1315 1721 1432 1809 inepte
1448 1718 1676 1806 dimisissent,

564 1826 691 1895 idcirco
718 1826 760 1893 ab
780 1826 996 1894 Academicis
1013 1827 1325 1916 Peripateticisque
1345 1849 1464 1894 earum
1485 1828 1679 1896 tractanda·

564 1957 642 2001 rum
667 1934 951 2001 exercitationem
973 1934 1103 2000 oratori
1128 1934 1353 2023 repetendam
1386 1957 1461 2003 esse
1489 1936 1535 2026 (l)
1561 1936 1679 2003 existi-

564 2041 690 2109 mabat.
899 2047 901 2053 ’
1172 2042 1176 2054 ’

608 2149 722 2238 Atque
743 2148 833 2218 ille«
853 2147 949 2215 locus
971 2177 1001 2231 o,
1021 2170 1126 2239 quem
1150 2150 1185 2216 in
1206 2148 1364 2216 oratione
1379 2152 1446 2215 Pro
1461 2151 1604 2217 Murena
1618 2149 1677 2217 ha-

565 2254 635 2323 bita
650 2256 865 2339 notavimus
893 2256 1030 2344 longior
1054 2264 1119 2338 est,
1137 2278 1242 2346 quam
1259 2263 1297 2323 ut
1317 2256 1385 2323 huc
1410 2258 1594 2333 alteratum
1617 2258 1675 2325 sed

562 2364 597 2429 in
627 2362 707 2430 aliis
734 2362 847 2429 causis
864 2362 1022 2452 exempla
1048 2386 1117 2430 non
1136 2364 1262 2431 desunt
1281 2363 1324 2431 ad
1351 2364 1675 2448 demonstrandum,

563 2492 667 2560 quam
687 2469 838 2536 libenter
861 2473 980 2535 noster
1001 2475 1118 2535 orator
1137 2467 1179 2535 ad
1201 2469 1296 2535 hoc«
1327 2470 1507 2536 infinitum
1527 2494 1544 2534 o
1561 2469 1678 2558 dispu-

561 2577 658 2644 tandi
674 2599 785 2666 genus
812 2577 1007 2643 orationem
1033 2576 1245 2643 transferat:
1268 2577 1364 2644 velut
1391 2577 1673 2658 maceratione,

563 2706 668 2774 quam
687 2714 700 2742 α
718 2691 796 2774 post
811 2683 963 2751 reditum
977 2682 1019 2750 ad
1034 2683 1189 2764 Quirites
1216 2712 1229 2743 r
1253 2683 1386 2760 habuit,
1404 2684 1488 2750 dum
1507 2684 1674 2766 affirmat,

563 2791 668 2859 osibi
695 2791 816 2879 majori
833 2812 937 2859 curae
963 2813 1050 2868 esse,
1074 2790 1372 2879 quemadmodum
1399 2792 1461 2876 eis,
1484 2793 1543 2879 qui
1569 2791 1610 2858 dc
1639 2814 1674 2858 se

561 2898 630 2964 sint
658 2899 790 2987 optime
818 2898 945 2974 meriti,
973 2898 1122 2986 gratiam
1151 2897 1290 2981 referat,
1317 2920 1423 2987 quam
1451 2898 1676 2988 quemadmo-

560 3004 643 3071 dum
656 3005 880 3071 inimicorum
895 3005 1042 3093 injurias
1061 3004 1374 3093 crudelitatemque
1392 3012 1621 3094 persequatur
1643 3034 1672 3090 ι»,

561 3112 648 3178 hanc
664 3112 872 3179 sententiam
885 3112 927 3177 ad
941 3118 1080 3201 tempus
1096 3112 1392 3178 accommodatam
1409 3112 1584 3201 eleganter
1599 3135 1675 3201 pro-

560 3218 652 3285 ducit
668 3218 711 3285 ad
730 3218 903 3309 ejusmodi
919 3217 1204 3308 disputationem,
1223 3240 1311 3307 quae
1326 3220 1548 3307 paucissimis
1560 3219 1674 3286 verbis

559 3326 702 3392 mutatis
718 3348 759 3392 ex
779 3327 829 3392 eis
846 3324 958 3407 libris,
973 3348 1059 3414 quos
1073 3338 1112 3392 de
1129 3324 1264 3415 Officiis
1277 3327 1494 3414 conscripsit,
1513 3332 1674 3414 excerpta

556 3455 633 3500 esse
653 3439 744 3500 recte
761 3432 938 3501 videretur
955 3435 977 3498 ι’

638 3598 755 3652 Etenim
770 3598 960 3653 ulciscendae
980 3597 1108 3668 injuriae
1134 3597 1250 3652 facilior
1280 3599 1354 3654 ratio
1370 3604 1414 3653 est
1431 3615 1519 3669 quam
1536 3597 1672 3652 beneficii

556 3686 778 3751 remunerandi,
804 3692 961 3757 propterea
989 3687 1068 3757 quod
1087 3687 1272 3756 superiorem
1298 3704 1363 3742 esse
1390 3692 1495 3744 contra
1522 3687 1673 3756 improbos

557 3774 656 3829 minus
670 3780 715 3829 est
729 3776 838 3847 negotii
849 3792 938 3847 quam
959 3776 1045 3829 lionis
1059 3776 1229 3845 exaequari.
1244 3778 1317 3830 Tum
1334 3778 1423 3831 etiam
1439 3793 1476 3831 ne
1490 3780 1550 3842 tam
1569 3792 1673 3830 neccs-

556 3863 669 3918 sarium
684 3863 804 3933 quidem
818 3870 862 3919 est
874 3864 951 3920 male
967 3864 1082 3918 meritis
1094 3881 1185 3934 quam
1201 3866 1311 3935 optime
1329 3866 1440 3919 meritis
1456 3864 1577 3928 referre,
1594 3864 1673 3934 quod

556 3951 674 4006 debeas,
700 3953 806 4007 Odium
832 3952 877 4007 vel
906 3954 1042 4023 precibus
1071 3954 1197 4025 mitigari
1225 3959 1321 4024 potest
1344 3954 1389 4008 vel
1411 3952 1599 4024 temporibus
1630 3953 1673 4006 rei

556 4038 692 4108 publicae
716 4040 927 4111 communique
954 4042 1079 4097 ulilitate
1104 4042 1212 4112 deponi
1233 4041 1278 4096 vel
1305 4040 1479 4096 difficultate
1507 4040 1672 4095 ulciscendi

463 4142 465 4145 ’
556 4126 643 4181 leniri
665 4127 711 4181 vel
729 4134 874 4184 velustate
897 4130 1009 4196 sedari;
1031 4131 1106 4185 bene
1128 4131 1248 4184 meritos
1267 4146 1304 4184 ne
1318 4129 1407 4197 colas,
1424 4146 1479 4185 nec
1495 4130 1612 4184 exorari
1629 4130 1672 4184 las

557 4219 611 4283 est,
625 4232 722 4287 neque
733 4217 762 4271 id
775 4217 816 4271 rei
825 4218 961 4288 publicae
973 4220 1125 4273 remittere
1140 4235 1243 4272 verum
1257 4235 1354 4289 neque
1369 4234 1489 4273 necesse
1503 4222 1560 4281 est,
1574 4235 1672 4288 neque

557 4307 602 4358 est
615 4305 765 4360 excusatio
778 4305 971 4372 difficultatis,
987 4324 1083 4377 neque
1099 4324 1230 4378 aequum
1245 4311 1289 4361 est
1305 4314 1437 4378 tempore
1453 4311 1483 4362 et
1497 4308 1543 4362 die
1557 4324 1671 4362 memo-

556 4392 631 4446 riam
658 4392 796 4448 bencficii
811 4394 942 4449 delinire.
960 4397 1125 4462 Postremo,
1141 4396 1192 4466 qui
1207 4397 1238 4450 in
1253 4395 1423 4451 ulciscendo
1438 4396 1590 4451 remissior
1604 4396 1670 4461 fuit,

589 4595 621 4659 (1)
640 4596 760 4655 Quarum
771 4610 871 4660 genera
885 4596 1083 4655 deseribuntur,
1104 4597 1202 4659 Τομέα,
1216 4599 1300 4646 itt-85.
1314 4623 1344 4632 -
1359 4597 1397 4645 Cf.
1415 4598 1453 4645 Dc
1467 4597 1539 4645 Orat.
1554 4598 1598 4657 ΙΙΙ,
1617 4598 1671 4644 lll-

557 4667 622 4799 sslgit
648 4737 744 4801 Topic.‚
774 4741 812 4787 85.
830 4739 897 4799 (Hoc
915 4738 1073 4802 exemplum
1086 4738 1118 4787 ad
1134 4752 1166 4788 ea
1179 4738 1362 4802 quaestionum
1377 4752 1484 4801 genera,
1503 4752 1562 4800 quae
1579 4758 1589 4781 α
1605 4752 1671 4786 con-

555 4809 711 4871 parationes
722 4827 734 4852 ι)
750 4808 885 4869 dicuntur,
904 4808 1029 4859 refertur.

589 4882 623 4939 13)
641 4878 679 4927 uf.
694 4880 731 4928 De
747 4880 821 4929 Oroi.
836 4880 869 4937 ll,
886 4881 991 4929 133-138
1005 4895 1011 4940 ;
1026 4881 1070 4939 111,
1089 4881 1202 4928 llo-120.

590 4952 623 5012 (4)
640 4950 715 4999 Sicut
726 4951 923 5015 explicavimus
940 4953 968 4999 in
980 4954 1058 5000 Parte
1073 4952 1091 5009 l,
1108 4965 1167 5014 cap.
1179 4950 1275 5001 lll-ll'.
