4467 6167
1029 869 1201 935 -83..

555 1034 895 1104 commendationem
922 1037 1221 1126 progrediebatur,
1249 1044 1286 1106 ut
1312 1061 1380 1106 non
1406 1038 1508 1106 modo
1539 1039 1588 1107 sic
1609 1045 1674 1108 sta·

554 1147 681 1224 tueret,
696 1165 732 1209 se
744 1170 758 1203 o
779 1141 830 1210 bis
840 1144 1036 1211 servavisse
1053 1144 1317 1235 rempublicam,
1331 1145 1390 1234 qui
1404 1145 1524 1212 consul
1536 1151 1674 1235 togatus

556 1255 710 1316 armatos
741 1250 894 1332 vicisset,
926 1251 1082 1340 privatus
1125 1250 1326 1331 consulibus
1372 1253 1516 1319 armatis
1550 1254 1674 1319 cessis·

557 1362 608 1422 set
629 1357 681 1442 (l)
704 1384 733 1440 »‚
750 1355 807 1423 sed
830 1357 935 1423 etiam
952 1357 1105 1426 hancvel
1120 1358 1343 1449 praecipuam
1361 1388 1375 1420 «
1393 1358 1536 1426 cedendi
1557 1388 1572 1420 »
1591 1382 1672 1427 cau-

557 1485 632 1530 sam
648 1462 713 1530 sibi
727 1486 802 1531 esse
817 1462 981 1533 debuisse
997 1466 1234 1548 contenderet,
1256 1466 1349 1557 quod
1365 1465 1579 1556 reipublicae
1594 1490 1673 1535 con-

556 1568 747 1636 servandae
776 1570 976 1661 exemplum
996 1593 1115 1638 secum
1144 1570 1249 1638 simul
1275 1571 1499 1639 interiturum
1527 1571 1670 1654 fuisset;

557 1700 592 1745 se
608 1676 729 1767 igitur,
747 1678 776 1744 si
797 1679 905 1747 vitam
921 1700 1021 1746 suam
1040 1676 1263 1759 deseruisset,
1280 1678 1533 1768 rempublicam
1555 1680 1674 1770 prodi-

556 1790 676 1851 turum
692 1785 813 1870 fuisse,
830 1826 874 1837 -
894 1814 909 1846 α
931 1785 1052 1875 inqua
1072 1807 1165 1852 nunc
1180 1786 1254 1874 ipso
1271 1786 1429 1853 restituto
1446 1787 1579 1854 viveret
1594 1810 1674 1854 cum

557 1891 633 1980 ipso
663 1891 769 1957 simul
796 1892 998 1982 exemplum
1024 1890 1104 1959 fidei
1128 1891 1286 1982 publicae
1303 1893 1349 1982 (2)
1369 1920 1383 1953 u
1404 1913 1411 1959 :
1434 1915 1503 1982 quo
1530 1894 1671 1983 quidem

556 1998 716 2087 exemplo
736 1996 975 2067 adulescentes
999 2002 1211 2065 commoner'
1233 1998 1323 2066 vello
1350 2021 1386 2065 se
1412 1997 1538 2085 aiebat,
1567 2023 1610 2067 ne
1631 2000 1672 2067 ad

557 2104 810 2194 rempublicam
826 2111 946 2173 contra
965 2106 1143 2197 improbos
1163 2107 1256 2174 cives
1271 2106 1523 2174 defendendam
1539 2108 1674 2196 segnio-

558 2233 612 2279 res
636 2219 754 2279 essent
771 2211 834 2302 (3).
859 2253 903 2261 —
927 2212 1046 2302 Neque
1066 2212 1109 2279 ad
1135 2214 1352 2302 propositum
1381 2218 1541 2279 nostrum
1569 2214 1675 2280 refert

557 2314 759 2406 dijudicare,
782 2324 952 2407 quatenus
975 2340 1031 2384 res
1055 2318 1161 2407 ipsae,
1187 2340 1273 2408 quas
1290 2325 1408 2385 noster
1427 2325 1543 2385 orator
1559 2324 1673 2386 tantae
1768 2315 1770 2319 ’

557 2422 650 2491 laudi
663 2423 729 2490 sibi
744 2424 817 2515 ipse
833 2423 1001 2509 vertebat,
1016 2424 1096 2491 talis
1110 2426 1277 2491 orationis
1290 2424 1463 2515 majestati
1477 2425 1674 2515 respondis-

558 2536 652 2597 sent:
678 2552 747 2620 quo
770 2532 879 2620 magis
907 2531 942 2597 in
968 2531 1017 2598 eis
1037 2533 1084 2597 ita
1103 2530 1357 2620 amplificandis
1382 2554 1463 2598 eum
1490 2533 1673 2599 averitate

556 2638 758 2705 discessisse
762 2637 1036 2728 judicaverimus
1046 2640 1088 2723 (et
1097 2635 1161 2704 boc
1176 2636 1318 2726 quidem
1328 2660 1397 2704 non
1409 2637 1671 2727 disceptamus),

557 2766 596 2812 eo
611 2744 758 2812 clariore
773 2745 932 2835 exemplo
946 2767 1027 2811 eum
1042 2744 1337 2812 demonstrantem
1355 2745 1614 2833 agnoverimus
1633 2784 1674 2793 -

557 2850 601 2931 id,
616 2852 708 2940 quod
723 2854 797 2942 ipse
814 2875 893 2941 prae
914 2875 949 2918 sc
966 2852 1055 2920 tulit.
1084 2892 1111 2900 -
1132 2874 1237 2941 quam
1259 2859 1399 2940 paratus
1420 2849 1461 2915 ad
1487 2849 1672 2916 dicendum

556 2958 698 3048 quidem
714 2960 743 3026 is
758 2959 948 3043 accederet,
962 2960 1050 3048 qui«
1068 2957 1339 3048 philosophiam,
1353 2963 1501 3023 matrem
1515 2957 1673 3022 omnium

556 3064 643 3133 bene
663 3065 835 3133 factorum
860 3067 1015 3155 beneque
1030 3065 1214 3145 dictorum,
1234 3063 1436 3154 complexus
1455 3070 1544 3131 esset
1567 3063 1615 3153 (l)
1641 3095 1668 3129 n.

588 3266 621 3327 (l)
641 3266 676 3313 De
683 3265 760 3314 domo
775 3280 834 3320 suo.
848 3268 885 3315 99.

588 3338 622 3399 (2)
634 3339 702 3398 θῒζ3)
715 3337 753 3386 Gt.
768 3338 820 3386 Pro
834 3337 929 3396 Sestio,
947 3339 1031 3396 42⁵⁰,
1044 3340 1069 3387 51
1085 3341 1185 3401 3at'que
1201 3340 1238 3387 ll.

590 3408 622 3471 (4)
639 3408 669 3458 V.
681 3408 772 3457 locum
787 3422 868 3472 quem
880 3424 913 3459 ex
930 3410 1010 3458 Bruto
1025 3410 1088 3473 (322)
1100 3423 1182 3474 supra
1196 3411 1381 3473 excerpsimus
1398 3410 1432 3473 (p.
1444 3412 1493 3471 61„
