4467 6167
1021 823 1223 888 -115-

551 992 698 1083 judicat,
716 998 903 1075 oratorem,
930 990 994 1057 sia
1015 1012 1176 1057 verarum
1189 1011 1376 1057 causarum
1395 989 1616 1057 contentione
1631 988 1674 1056 ad

556 1098 661 1189 hujus
681 1098 809 1165 infiniti
836 1097 973 1186 generis
1002 1097 1223 1186 quaestiones
1237 1095 1435 1164 tractandas
1459 1095 1673 1190 traducatur,

558 1233 574 1268 «
595 1228 666 1272 666
683 1205 762 1294 6166
784 1205 1028 1294 quaesiturum
1052 1226 1140 1287 esse,
1163 1203 1246 1294 quid
1265 1202 1368 1287 dicat,
1394 1226 1499 1294 quam
1524 1203 1674 1294 Polycli-

557 1318 632 1379 tum
646 1312 760 1394 illum,
779 1352 820 1360 —
843 1334 923 1378 cum
937 1310 1122 1379 Herculem
1138 1311 1298 1401 fingeret,
1318 1350 1362 1382 ,-
1380 1310 1674 1401 quemadmodum

558 1420 686 1511 6611661
702 1424 761 1487 661
777 1417 925 1508 hydram
941 1418 1099 1508 fingeret,
1122 1419 1260 1486 etiamsi
1276 1417 1361 1485 11666
1375 1440 1558 1506 66666616
1578 1440 1676 1507 sepa·
1740 1466 1743 1469 -

559 1528 663 1595 ratim
686 1526 799 1593 166616
819 1524 999 1593 didicisset
1020 1553 1034 1588 »
1060 1526 1120 1617 (1).
1147 1527 1236 1593 Nam
1261 1525 1353 1615 quod
1375 1524 1518 1593 Catulus
1538 1524 1594 1592 hic
1620 1524 1674 1591 in·

559 1633 697 1701 ducitur
713 1631 894 1721 objicienS,
918 1630 1102 1699 «61111666
1123 1634 1240 1700 minus
1260 1634 1375 1722 operis
1395 1632 1506 1700 videri
1529 1630 1571 1699 (16
1600 1632 1676 1698 661-

559 1742 671 1810 versis
698 1738 885 1829 generibus
908 1761 1027 1805 rerum
1055 1762 1162 1829 quam
1188 1740 1230 1807 de
1250 1740 1470 1827 singulorum
1489 1739 1617 1820 causis,
1638 1760 1677 1805 66

560 1848 671 1916 166116
687 1848 794 1914 etiam
814 1844 928 1936 majus
945 1844 1288 1932 11666161661661611,
1308 1868 1413 1935 quam
1433 1845 1475 1913 de
1491 1844 1677 1912 hominum

560 1953 680 2020 litibus
718 1953 831 2021 dicere
870 1952 918 2043 (2)
949 1981 979 2033 6,
1020 1954 1195 2020 Antonius
1232 1953 1350 2020 statim
1374 1952 1568 2035 confirmat,
1599 1980 1614 2009 1
1641 1952 1679 2017 16

560 2083 745 2129 causarum
772 2060 1051 2127 contentionibus
1082 2061 1317 2127 »maximum
1346 2060 1565 2149 eloquentiae
1591 2081 1679 2148 opus

562 2191 648 2253 6666,
672 2168 863 2235 «omnium
891 2173 1088 2235 ceterarum
1108 2190 1227 2235 rerum
1247 2168 1440 2236 orationem
1460 2165 1584 2233 ludum
1605 2188 1679 2233 esse

562 2274 696 2342 homini
723 2297 792 2342 non
814 2272 931 2341 hebeti
959 2296 1074 2361 66666
1100 2275 1326 2342 inexercitato
1354 2297 1417 2342 666
1437 2274 1679 2341 communium

562 2382 758 2450 litterarum
783 2385 815 2448 et
842 2380 1015 2470 politioris
1042 2380 1273 2450 humanitatis
1300 2383 1470 2472 61661111)
1502 2380 1558 2469 (3).
1580 2380 1681 2446 -Ε1

564 2488 649 2555 haec
676 2486 818 2577 quidem
844 2488 1065 2577 arrogantius
1085 2488 1189 2574 (11616,
1211 2489 1311 2578 66661
1331 2487 1373 2555 ad
1398 2473 1682 2578 16661661111666·

565 2595 712 2685 phorum
742 2600 916 2661 oratorem
932 2593 1201 2684 despicientium
1221 2596 1457 2685 arrogantiam
1473 2594 1529 2662 vel
1545 2600 1683 2683 6166161

566 2701 710 2768 modum
732 2701 971 2783 refellendam,
999 2701 1119 2769 Cicero
1147 2703 1292 2790 Antonii
1317 2703 1505 2770 temeritati
1521 2701 1570 2791 (1)
1595 2700 1684 2767 6661-

564 2808 691 2898 gnabat
706 2830 714 2878 :
732 2808 791 2875 sed
807 2809 913 2875 talem
931 2810 1101 2876 rationem
1123 2809 1306 2877 subtiliore
1326 2808 1528 2876 (1616111666
1551 2828 1685 2874 661166-

566 2922 638 2983 1661
654 2916 696 2982 ad
712 2938 789 2982 eam
805 2922 979 2982 certarum
1000 2916 1303 3006 philosophiarum
1319 2917 1554 2995 selectionem,
1578 2936 1684 3003 quam

567 3046 628 3112 per
645 3027 809 3089 Crassum
826 3021 1030 3105 introduxit,
1049 3024 1214 3091 inferiore
1226 3024 1301 3091 1666
1317 3022 1603 3091 accommodavit.
1621 3023 1685 3088 Hic

567 3130 661 3195 enim
683 3128 839 3209 0166666,
864 3170 900 3177 -
934 3127 1016 3197 (1616
1042 3153 1165 3197 161666
1184 3130 1347 3212 61116161,
1369 3131 1443 3197 vim
1467 3130 1686 3219 eloquentiae

567 3243 700 3304 tantam
712 3258 798 3314 6666,
817 3242 855 3302 61
873 3263 888 3295 6
904 3257 1044 3303 6616661
1061 3240 1236 3317 66161661,
1255 3256 1343 3323 6666
1358 3251 1471 3302 616166
1486 3233 1683 3317 1166116616,

568 3366 656 3433 6666
686 3343 834 3424 6611666,
870 3364 957 3430 6666
992 3343 1101 3409 vitam
1135 3344 1312 3409 contineat
1349 3369 1378 3422 1,
1418 3340 1684 3429 complectatur,

570 3478 585 3512 «
608 3452 807 3539 omniaque,
826 3472 914 3540 6666
929 3450 971 3516 ad
988 3470 1246 3538 quamcumque
1256 3470 1330 3515 1661
1344 3448 1549 3536 6611166661,
1567 3453 1687 3514 616616

569 3557 776 3647 6661666666
791 3556 881 3623 (11661
902 3555 946 3645 (5)
970 3584 998 3636 υ,
1024 3561 1184 3643 -negat
1204 3554 1410 3644 sequidem,
1438 3561 1476 3621 ut
1496 3556 1532 3621 in
1549 3553 1688 3643 116666-

570 3686 652 3730 nere
675 3685 737 3753 pro
758 3685 820 3730 666
839 3662 1004 3730 facultate
1025 3669 1137 3753 61616
1157 3661 1319 3729 mediocri
1340 3662 1592 3730 6666116611166
1611 3684 1701 3731 ver-.

604 3919 636 3981 (1)
653 3919 689 3966 06
706 3916 750 3967 Or.
766 3916 800 3977 ll,
812 3918 896 3966 69-10.
908 3917 984 3966 -Ct
1000 3918 1029 3967 in
1048 3922 1079 3968 eo
1094 3919 1155 3968 1666
1172 3918 1236 3970 libri
1258 3921 1268 3970 1
1291 3921 1330 3970 De
1344 3920 1498 3970 1666611666
1510 3924 1531 3980 (5
1541 3922 1573 3984 8),
1593 3921 1689 3985 dequo

572 3990 690 4041 diximus
707 4002 788 4052 supra
803 3988 837 4051 (p.
854 3990 893 4049 16,
909 4002 927 4036 6
949 3991 983 4049 1),
1003 3988 1081 4053 longe
1097 3989 1179 4039 aliam
1194 3991 1226 4039 de
1243 4006 1270 4040 16
1286 3991 1380 4041 eadem
1393 3993 1555 4041 sententiam
1572 4009 1578 4041 z
1596 4013 1607 4036 «
1625 4006 1690 4042 nam

505 4091 508 4095 ·
572 4063 672 4125 quibus
690 4062 718 4110 in
743 4061 823 4110 rebus
851 4073 959 4109 summa
987 4060 1097 4123 ingenia
1122 4062 1345 4125 philosophorum
1370 4062 1488 4126 plurimo
1513 4077 1575 4112 6661
1598 4063 1689 4112 labore

573 4136 737 4197 consumpta
758 4132 952 4196 intellegimus
969 4145 1014 4180 eas
1038 4132 1108 4181 sicat
1125 4132 1233 4196 aliquas
1246 4148 1400 4197 percurres
1414 4136 1519 4182 oratori
1544 4134 1691 4182 attribuere

572 4220 671 4267 166666
691 4205 809 4253 amentio
831 4204 936 4251 videtur
950 4217 979 4261 »ς
996 4201 1042 4251 sed
1058 4206 1151 4252 tamen
1165 4205 1423 4264 animadvertamus
1440 4206 1524 4267 hujus
1543 4226 1554 4248 a
1568 4205 1690 4253 infinitae

573 4275 764 4338 quaestionum
780 4274 901 4324 universi
915 4274 1020 4337 generis
1037 4273 1120 4323 silvae
1134 4288 1150 4323 1)
1163 4275 1241 4338 (6666
1258 4276 1383 4325 universe
1399 4275 1513 4340 «procul
1528 4276 1562 4324 ab
1577 4276 1691 4325 oratoris

573 4345 661 4395 officio
676 4349 795 4396 16166166
809 4366 819 4388 a
836 4346 865 4393 16
888 4345 940 4394 hoc
960 4345 1162 4393 (161666611666
1187 4346 1257 4395 libro
1272 4347 1406 4409 (11666161)
1426 4360 1482 4394 666
1508 4348 1561 4396 6161
1584 4350 1691 4411 partem

572 4417 701 4480 aliquam,
709 4420 735 4466 et
747 4432 780 4465 ne
797 4431 856 4465 6661
866 4415 1040 4479 quidemsine
1052 4416 1170 4478 quadarn
1181 4416 1359 4477 dubitatione,
1372 4419 1472 4467 oratori
1486 4419 1524 4466 sio
1539 4418 1690 4481 adiungiab

574 4490 690 4538 Antonio
707 4489 754 4550 (De
768 4488 811 4537 Or.
829 4489 861 4546 11,
876 4487 1000 4548 (16-6661.
1015 4488 1150 4546 Crassum,
1162 4489 1181 4549 1,
1197 4489 1244 4549 68),
1260 4489 1356 4538 6616116
1369 4490 1479 4538 66116616
1489 4489 1584 4539 eadem
1596 4489 1650 4538 1616
1659 4489 1691 4539 (16

572 4561 677 4610 ratione
702 4558 777 4624 (ibid.
792 4562 830 4621 611)
863 4572 946 4621 66661
972 4561 1066 4609 666161
1087 4562 1182 4610 auctor
1199 4560 1232 4609 de
1254 4560 1409 4610 Inventione
1425 4561 1547 4611 scribens
1578 4562 1691 4610 Herma·

575 4646 656 4692 gorae
682 4631 831 4681 sententiae
849 4630 1012 4693 opponebat.
1283 4628 1285 4630 ’

609 4703 640 4765 (2)
657 4705 683 4751 61
696 4704 729 4764 (3)
748 4703 786 4751 De
803 4701 845 4750 Or.
865 4702 896 4759 11,
910 4703 949 4759 u,
962 4703 1002 4749 12.
1109 4694 1113 4701 ’

607 4775 641 4837 (1)
657 4774 819 4824 Praesertim
830 4773 859 4821 in
872 4787 911 4832 eo,
931 4772 978 4836 661
993 4772 1110 4822 fateatur
1123 4772 1170 4830 (De
1188 4772 1233 4822 01.
1252 4774 1285 4832 ll,
1299 4773 1348 4831 61),
1365 4787 1393 4822 66
1407 4773 1456 4822 in«
1468 4772 1693 4837 philosophorum

576 4844 662 4904 1111116,
679 4845 803 4907 quisunt
817 4842 872 4892 1616
887 4844 1012 4907 inscripti
1024 4843 1055 4893 de
1070 4843 1151 4893 rebus
1166 4844 1239 4893 notis
1258 4847 1285 4894 61
1309 4844 1473 4903 illustribus
1493 4844 1525 4894 (16
1538 4845 1646 4903 virtute,
1660 4842 1693 4893 de

581 4917 697 5052 16616166,
714 4916 745 5037 doe
760 4914 1240 5036 1616666616,(16161661616,161116111
1254 4915 1487 4980 61616666611661
1510 4915 1668 4979 intelligere.
1681 4935 1692 4959 υ

620 4991 633 5037 5
683 5003 696 5037 e
735 5002 757 5037 r.
818 5024 846 5047 ,,
876 5024 881 5035 .
