4467 6167
1026 1452 1169 1535 PARS
1205 1450 1222 1532 Ι

609 1654 690 1729 Quid
721 1654 761 1720 de
789 1652 995 1737 philosophia
1019 1650 1260 1717 adoratorium
1284 1665 1381 1715 usum
1407 1646 1637 1732 eoqnoseenda

863 1768 901 1834 ld.
917 1766 1042 1833 Tullius
1055 1765 1204 1832 sensisse
1220 1762 1381 1830 videatur.

1028 2174 1175 2242 CAPUT
1199 2174 1215 2241 l

563 2370 652 2449 Quas
661 2366 810 2433 rationes
821 2365 986 2432 latissime
997 2378 1150 2455 patentes
1164 2366 1205 2431 de
1217 2365 1280 2432 hae
1290 2364 1531 2455 philosophiae
1543 2346 1677 2451 coporos-

604 2475 726 2540 eeradae
741 2473 891 2540 ulilitate
905 2477 950 2539 M.
972 2476 997 2540 Τ
997 2473 1098 2540 allius
1118 2472 1156 2540 in
1171 2473 1239 2541 suis
1256 2502 1271 2534 u
1288 2472 1443 2539 oratoriis
1458 2471 1551 2540 libris
1564 2501 1579 2535 »
1598 2494 1678 2561 pro-

604 2580 733 2649 tulerit.

603 2809 776 2890 Quoniam
796 2810 879 2878 ordo
909 2833 1041 2895 rerum,
1083 2811 1291 2901 quaenobis
1326 2812 1549 2902 explicandae
1582 2820 1676 2893 sunt,
1722 2845 1725 2850 ·

558 2919 605 2985 ita
625 2917 894 3007 descriptus'est,
910 2925 946 2985 ut
964 2919 1117 3007 primum
1139 2942 1396 3008 quaereremus,
1409 2928 1579 3006 quatenus
1605 2922 1679 3009 qui-

559 3023 693 3114 busque
713 3024 755 3091 de
772 3023 964 3091 rationibus
983 3024 1243 3115 philosophiam
1283 3026 1323 3093 ad
1355 3028 1547 3093 oratorium
1572 3049 1677 3093 usum

557 3131 833 3221 cognoscendam
854 3154 929 3197 esse
945 3132 989 3197 M.
1011 3132 1148 3198 Tullius
1163 3134 1350 3211 censuerit,
1375 3134 1518 3200 minime
1534 3133 1676 3221 quidem

558 3239 714 3305 involuta
729 3240 842 3328 prima
864 3237 970 3327 hujus
981 3246 1120 3306 nostrae
1135 3239 1374 3328 inquisitionis
1394 3241 1541 3308 materia
1570 3247 1673 3322 esset,

558 3346 587 3411 si
611 3343 711 3412 nobis
739 3346 794 3412 vel
826 3345 1069 3412 tantummodo
1100 3346 1153 3412 vel
1179 3348 1364 3436 praecipue
1393 3347 1468 3437 ejus
1495 3347 1587 3428 libri,
1616 3347 1676 3437 qui

559 3454 682 3520 Orator
695 3453 910 3534 inscribitur,
934 3455 1019 3520 ratio
1044 3459 1136 3521 esset
1156 3452 1324 3543 habenda,
1351 3456 1534 3545 —quippe
1551 3456 1587 3520 in
1607 3476 1676 3543 quo

557 3560 598 3627 de
615 3560 677 3628 hae
690 3562 891 3649 quaestione
907 3568 1024 3627 noster
1043 3572 1164 3628 auctor
1183 3562 1400 3650 planissime,
1434 3571 1601 3651 tanquam
1635 3560 1676 3627 de

557 3690 592 3734 re
610 3669 666 3734 vix
676 3675 910 3743 controversa,
937 3669 1147 3735 sententiam
1163 3691 1262 3735 suam
1274 3670 1472 3758 exposuerit
1483 3669 1541 3758 (l).
1554 3668 1621 3735 Sed
1637 3690 1676 3735 ea

507 3847 510 3853 ,
556 3797 695 3865 quoque
715 3774 931 3864 respicienda
954 3783 1047 3857 sunt,
1065 3799 1154 3865 quae
1174 3776 1266 3843 idem
1286 3777 1327 3843 de
1343 3776 1463 3844 eadem
1474 3777 1676 3865 quaestione

556 3882 688 3971 aliquot
700 3890 778 3948 ante
794 3882 894 3948 annis
911 3881 948 3947 in
966 3881 1037 3948 illis
1057 3881 1098 3948 de
1116 3882 1257 3949 Oratore
1273 3881 1372 3948 libris
1392 3883 1616 3963 disseruerat,
1632 3922 1676 3931 —

557 3989 732 4056 interdum
758 4011 821 4055 suo
842 3990 1142 4079 nomineloquens
1164 3988 1174 4079 (
1199 3991 1220 4076 ),
1244 3991 1382 4079 saepius
1403 4012 1464 4079 per
1497 3990 1581 4056 alias
1597 4012 1675 4078 per-

556 4119 659 4163 sonas
678 4118 764 4185 quas
780 4096 918 4162 interse
929 4096 1166 4185 colloquentes
1187 4095 1341 4164 induxit:
1361 4096 1487 4185 quibus
1508 4118 1550 4163 ex
1575 4096 1676 4162 libris

518 4239 520 4242 ·
556 4202 981 4291 separatimeonsideraiis
1004 4204 1158 4292 primum
1179 4202 1441 4293 dijudicandum
1468 4203 1545 4281 erit,
1570 4225 1676 4291 quam

557 4310 778 4399 potissimum
800 4311 1007 4377 sententiam
1033 4310 1248 4379 luno-videri
1280 4333 1380 4377 suam
1408 4310 1569 4379 voluerit.
1609 4308 1675 4388 Qui

556 4418 649 4483 enim
669 4423 823 4483 extrema
842 4417 992 4483 Oratoris
1008 4426 1104 4506 parte
1121 4419 1195 4506 ipse
1216 4417 1393 4506 professus
1417 4424 1481 4501 est,
1503 4439 1551 4495 se,
1596 4439 1675 4482 oum

555 4526 591 4591 in
604 4524 682 4591 aliis
700 4563 739 4573 -
756 4523 940 4613 etquidem
953 4524 1009 4591 vel
1026 4553 1041 4585 a
1062 4526 1223 4591 maximis
1244 4553 1257 4587 o
1275 4565 1316 4575 -
1333 4525 1542 4610 rebus,tum,
1560 4524 1596 4590 in
1612 4524 1674 4604 eis.

556 4653 644 4719 quae
678 4631 719 4697 de
731 4646 872 4696 'summa
905 4632 1052 4698 oratoris
1065 4633 1179 4721 speeie
1199 4632 1398 4713 dissereret,
1421 4630 1509 4697 nihil
1536 4630 1675 4697 firmius

586 4852 618 4913 (l)
632 4852 669 4899 lle
685 4850 784 4913 quibus
799 4848 866 4898 locis
882 4848 1157 4911 mandalia-120)
1174 4845 1251 4910 plura
1270 4843 1341 4894 inira
1359 4845 1490 4896 dicentur.

586 4925 620 4983 (2)
637 4923 667 4970 ln
681 4922 829 4985 prooemiis
839 4920 972 4970 librorum
982 4921 992 4968 l
1005 4923 1031 4969 et
1042 4921 1073 4968 ll.
