4467 6167
1087 826 1262 892 „39-

622 992 739 1065 praemii
761 992 896 1063 supplicii
917 1012 923 1056 3
952 1006 1019 1049 vere
1042 1007 1078 1048 an
1107 1006 1201 1059 secus,
1217 991 1290 1047 nihil
1312 992 1346 1048 ad
1367 992 1418 1050 hoc
1445 998 1576 1065 tempus;
1592 994 1641 1051 sed
1660 1009 1690 1051 ca
1711 994 1734 1050 si

620 1096 783 1154 sequamur,
796 1081 907 1139 nullam
923 1096 1050 1153 unquam
1060 1095 1121 1137 rem
1135 1081 1255 1137 dicendo
1270 1082 1404 1153 expedire
1415 1085 1562 1153 possimus.

620 1243 715 1325 Quae
746 1241 813 1309 hue
831 1238 1095 1309 transcribenda
1127 1242 1423 1330 existimavimus,
1447 1251 1486 1310 ut
1515 1245 1733 1313 animadver-

620 1358 765 1432 teretur,
798 1351 923 1417 harum
958 1350 1133 1416 rationum
1168 1359 1323 1418 extrema
1354 1374 1443 1432 eam,
1483 1374 1571 1441 quae
1600 1352 1641 1420 de
1676 1352 1736 1420 illa

621 1461 823 1550 angustiore
844 1489 860 1520 c
878 1460 1043 1548 sapientis
1062 1486 1076 1519 e
1094 1459 1295 1527 definitione
1312 1461 1465 1548 primum
1483 1459 1736 1549 proferebatur,

620 1571 720 1659 quasi
741 1567 938 1657 implicari:
956 1589 1079 1655 exquo
1099 1567 1264 1650 efficitur,
1285 1574 1394 1634 totam
1429 1567 1517 1634 hanc
1541 1567 1582 1633 de
1614 1570 1738 1635 Stoicis

621 1675 893 1766 disputationem
914 1674 978 1740 hoc
998 1676 1150 1741 maxime
1163 1676 1347 1755 contineri,
1375 1675 1468 1766 quod
1481 1675 1505 1741 ii
1518 1698 1598 1743 cum
1619 1677 1654 1742 in
1675 1697 1737 1742 suo

620 1779 813 1849 disserendi
845 1802 984 1870 genere,
1020 1787 1096 1847 lum
1130 1781 1165 1847 in
1193 1780 1294 1848 bonis
1325 1783 1497 1871 malisque
1533 1778 1737 1847 deliniendis

619 1887 869 1956 belesensibus
888 1888 944 1954 ael
959 1887 1150 1954 adauribus
1167 1889 1264 1978 vrrlqr'
1277 1889 1500 1956 abhorreant:
1513 1887 1605 1976 quod
1621 1888 1736 1976 ipsum

618 2016 820 2087 quanquam
831 1993 875 2061 de
905 1994 1070 2062 universa
1100 1994 1322 2085 philosophia
1341 1996 1515 2064 Antonius
1542 1994 1678 2061 dicebat
1701 1996 1735 2060 in

619 2126 681 2170 sua
691 2102 938 2191 disputatione,
948 2123 1017 2190 qua
1034 2123 1111 2168 eam
1128 2104 1258 2169 oratori
1273 2101 1531 2193 percipiendam
1547 2123 1621 2168 esse
1636 2123 1738 2186 nega-

621 2210 676 2278 bat
697 2209 756 2297 (1),
775 2214 890 2275 tamen
918 2208 1012 2275 idem
1032 2210 1200 2297 exemplis
1230 2215 1263 2276 et
1285 2209 1460 2290 formuliS,
1500 2208 1627 2297 quibus
1657 2216 1738 2275 tunc

618 2316 791 2392 utebatur,
804 2316 887 2382 satis
905 2314 1077 2382 indicabat
1093 2316 1127 2383 id
1144 2315 1184 2383 de
1194 2316 1321 2384 Stoicis
1336 2318 1518 2385 verissime
1533 2316 1600 2383 dici
1615 2338 1734 2404 posse:

620 2445 712 2490 nuuc
732 2422 842 2511 igitur
861 2421 915 2488 illi
934 2423 1079 2489 Antonii
1105 2424 1402 2511 argumentationi
1428 2444 1528 2489 suam
1549 2423 1738 2488 maximam

620 2531 691 2598 vim
706 2528 866 2597 subtrahi
881 2529 1124 2618 intelligimus
1146 2552 1228 2597 cum
1244 2531 1388 2598 Crassus
1412 2552 1470 2596 eos
1498 2528 1738 2625 philosophos⁹

620 2658 770 2727 quorum
782 2636 1067 2703 doctrinaavitae
1081 2636 1333 2704 consuetudine
1343 2644 1376 2704 et
1390 2633 1624 2702 abhominum
1637 2636 1739 2701 mori.
1790 2689 1794 2695 .

621 2742 684 2810 bus
695 2744 847 2809 maxime
863 2749 1198 2831 repugnet,propter
1212 2742 1300 2809 hanc
1311 2745 1422 2832 ipsam
1438 2763 1578 2808 causam
1590 2741 1735 2830 rejiciat.

663 2850 823 2918 Exclusis
842 2850 891 2916 ita
910 2856 945 2916 et
965 2849 1090 2917 Stoicis
1110 2856 1144 2915 et
1163 2849 1354 2937 Epicureis,
1377 2848 1464 2916 duae
1493 2848 1737 2936 Peripatetico·

620 2979 698 3023 rum
717 2954 1077 3043 Academicorumque
1094 2954 1246 3020 familiae
1267 2953 1511 3022 remanebant:
1534 2954 1592 3022 sed
1607 2955 1738 3023 Acade-

620 3064 790 3131 micorum
816 3083 877 3151 per
911 3061 1015 3127 unius
1043 3062 1194 3126 nominis
1225 3061 1492 3149 perpetuitatem
1521 3060 1607 3129 duas
1629 3063 1738 3129 luisse

620 3170 807 3238 sententias
848 3167 992 3234 Crassus
1031 3167 1288 3235 animadvertit.
1329 3168 1378 3233 De
1416 3168 1466 3234 eis
1512 3176 1646 3246 autem,
1677 3170 1738 3258 qui

620 3304 636 3339 «
654 3277 762 3345 veteri
782 3274 989 3343 Academiae
1006 3303 1021 3335 υ
1035 3273 1268 3362 praefuerant,
1284 3314 1327 3323 -
1342 3300 1358 3334 «
1375 3274 1570 3364 Speusippo
1582 3275 1739 3342 etXeno-

619 3391 725 3463 crate,
738 3384 798 3473 qui
814 3381 994 3449 Platonem
1003 3380 1234 3462 audierant‚et
1244 3382 1304 3471 qui
1312 3382 1543 3448 Xenocratem
1551 3382 1738 3448 Polemone

620 3497 653 3559 et
665 3492 831 3557 Crantore
848 3517 879 3569 »‚
890 3488 1060 3555 -Cicero
1073 3510 1134 3577 per
1144 3488 1257 3555 Crassi
1270 3488 1739 3577 personamilluddumtaxat

620 3597 782 3680 affirmat,
800 3595 892 3685 quod
907 3595 982 3683 ipse
998 3592 1041 3661 ab
1064 3595 1240 3662 Antiocho
1262 3594 1309 3684 (2)
1330 3602 1555 3683 acceperat«
1586 3596 1675 3662 nihil
1696 3595 1738 3663 ab

618 3703 818 3785 Aristotele,
835 3703 894 3792 qui
924 3724 992 3768 una
1017 3700 1176 3768 audierat
1205 3703 1399 3782 Platonem,
1417 3724 1474 3768 eos
1491 3724 1616 3790 magno
1632 3726 1736 3792 opere

619 3810 825 3878 dissensisse
851 3836 867 3870 »
887 3807 958 3897 (3);
986 3829 1099 3895 neque
1115 3831 1198 3875 sane
1211 3808 1283 3874 ulla
1303 3830 1406 3874 eausa
1432 3815 1516 3891 erat,
1535 3832 1597 3876 cur
1620 3809 1661 3877 de
1676 3810 1736 3876 illa

621 3944 636 3976 κ
659 3922 776 3984 vetere
791 3914 980 3982 Academia
1002 3942 1017 3975 »
1051 3914 1152 4004 plura
1174 3914 1238 3981 hoc
1267 3915 1341 3981 loco
1371 3914 1582 3993 dicerentur,
1609 3918 1738 4005 quippe

619 4044 724 4112 quam
739 4020 952 4112 jampridem
973 4022 1210 4088 intermissam
1231 4029 1264 4088 et
1292 4023 1512 4107 exstinctam,
1535 4045 1574 4089 eo
1596 4024 1738 4112 quidem

618 4136 775 4217 tempore
806 4149 876 4217 quo
904 4126 1049 4193 Crassus
1080 4128 1227 4216 loquens
1266 4125 1443 4192 inducitur
1463 4126 1521 4217 (l),
1544 4127 1738 4195 Antiochus

619 4234 724 4326 idem,
743 4256 847 4324 quem
877 4231 980 4300 modo
1013 4234 1287 4313 nominavimus,
1315 4232 1469 4300 nondum
1499 4236 1736 4303 restituisset:

618 4364 701 4408 nam
735 4340 847 4426 Philo,
880 4361 984 4429 quem
1010 4361 1050 4407 eo
1078 4345 1236 4428 tempore
1269 4337 1475 4407 Academiae
1504 4339 1738 4430 coryphaeum

651 4545 684 4607 (1)
700 4546 738 4594 De
752 4546 796 4595 Or.
810 4546 830 4604 1,
844 4547 899 4594 ale.
915 4545 952 4595 (lt.
965 4559 1048 4610 supra
1058 4560 1115 4610 cap.
1133 4548 1154 4607 l,
1167 4563 1195 4612 p.
1213 4551 1251 4599 13.

650 4617 683 4677 (2)
696 4616 873 4665 Nobilissimo
888 4615 1050 4666 Academiae
1064 4617 1239 4683 philosopha,
1249 4634 1330 4683 quem
1345 4621 1458 4671 Athenis
1474 4622 1596 4673 audierat
1611 4625 1681 4674 circa
1696 4640 1741 4675 an-

617 4699 685 4736 num
692 4688 747 4736 ulo.
760 4686 946 4737 ctarutals.

650 4757 683 4820 (3)
698 4758 736 4806 De
752 4758 796 4808 Or.
811 4758 857 4816 lll,
880 4760 918 4807 or.
945 4760 986 4809 ltu
1011 4759 1121 4823 quidem
1145 4760 1271 4810 docuisse
1288 4763 1451 4813 Antiochum
1469 4768 1578 4828 apparet
1589 4779 1621 4815 ex
1635 4765 1704 4816 libro
1720 4768 1741 4816 V

618 4828 651 4876 de
667 4827 802 4886 riniani
816 4844 822 4889 ς
838 4829 922 4878 Acad.
934 4830 1032 4893 prior,
1049 4830 1082 4888 ll,
1101 4833 1213 4890 136-131,
1230 4860 1261 4868 -
1276 4836 1326 4882 etc.

652 4899 684 4961 (l)
698 4899 776 4949 Anno
788 4898 914 4949 videlicet
928 4903 973 4949 663
987 4903 1024 4963 (91
1039 4905 1102 4949 ante
1119 4902 1207 4964 Chr.›;
1223 4917 1311 4967 neque
1330 4908 1391 4954 ante
1414 4919 1517 4956 annum
1532 4910 1577 4957 666
1590 4909 1740 4959 Antiochus

622 4983 639 5019 a
654 4970 765 5021 Philone
780 4975 871 5036 aperte
886 4970 1044 5022 discessisse
1058 4972 1166 5022 videtur
1184 4972 1232 5036 (61.
1249 4974 1334 5024 Aeud.
1347 4975 1445 5040 prior,
1463 4977 1495 5036 ll,
1513 4979 1561 5041 11).
