4467 6167
1024 797 1266 878 -loa-‘

555 982 630 1038 biles
643 981 714 1037 huic
733 980 800 1036 urbi
816 980 972 1036 felicitates
987 984 1076 1051 atque
1088 996 1160 1049 opes
1174 978 1282 1043 attulit,
1298 978 1379 1033 illam
1403 977 1566 1049 perniciem
1581 978 1679 1033 extin-

555 1071 600 1126 xit
612 1086 646 1125 ac
661 1068 792 1138 sustulit,
811 1069 859 1124 cui
879 1069 1009 1139 primum
1025 1073 1156 1123 mentem
1183 1067 1296 1138 injecit,
1314 1073 1347 1124 ut
1360 1070 1387 1123 vi
1403 1067 1520 1122 irritare
1537 1067 1678 1137 ferroque

557 1160 704 1215 lacessere
717 1158 914 1213 fortissimum
933 1158 1029 1213 virum
1045 1158 1169 1211 auderet
1182 1156 1412 1229 vincereturque
1436 1157 1472 1212 ab
1489 1173 1534 1219 ec,
1551 1172 1639 1227 quem
1655 1157 1678 1211 si

554 1249 684 1313 vicisset,
706 1247 866 1303 habiturus
888 1251 966 1301 esset
987 1246 1194 1315 impunitatem
1224 1250 1253 1299 et
1277 1246 1427 1301 licentiam
1454 1244 1675 1315 sempiternam.

555 1339 618 1391 Non
633 1341 678 1391 est
692 1336 822 1390 humano
843 1334 982 1396 consilio,
1003 1352 1040 1389 ne
1069 1336 1211 1390 mediocri
1235 1338 1368 1407 quidem.
1395 1336 1523 1407 judices,
1547 1339 1675 1393 deorum

558 1424 770 1480 immortalium
787 1440 860 1478 cura
880 1440 927 1478 res
939 1423 988 1479 illa
1002 1423 1169 1493 perlecta...
1187 1445 1201 1476 »

602 1609 759 1697 Cumque
773 1606 897 1675 deinde
919 1613 1034 1673 noster
1044 1613 1161 1674 orator
1174 1611 1360 1674 testaretur
1373 1636 1388 1669 «
1409 1609 1549 1677 albanos
1564 1617 1681 1676 tumu-

558 1716 609 1782 los
631 1717 844 1804 atqueluoos
874 1742 903 1796 o,
925 1736 1073 1803 arasque
1107 1713 1264 1796 deorum,
1301 1737 1450 1803 quorum
1484 1717 1583 1805 quasi
1605 1744 1619 1777 «
1643 1718 1679 1782 in

558 1830 745 1913 conspectu
779 1851 793 1882 »
819 1820 961 1888 Clodius
978 1843 1039 1910 pro
1077 1820 1220 1909 pollutis
1235 1821 1455 1888 caerimoniis
1477 1851 1491 1883 α
1516 1821 1628 1911 justas
1648 1828 1681 1889 ct

558 1928 690 1997 debitas
705 1951 832 2018 poenas
846 1926 1066 2017 solvisset(l)
1089 1955 1118 2000 »,
1142 1928 1313 1995 rationem
1329 1951 1427 1995 suam
1454 1929 1495 1996 ad
1511 1951 1569 1996 eas
1593 1958 1607 1989 α
1623 1952 1681 1995 sn-

489 2039 491 2044 ’
560 2036 780 2128 perstitiones
802 2064 818 2097 a
849 2034 1051 2116 deducebat,
1074 2032 1200 2123 quibus
1230 2034 1362 2102 Stoicos
1389 2036 1537 2103 nimium
1566 2037 1681 2104 favere

559 2144 645 2211 alias
660 2143 843 2231 judicavit.
859 2142 923 2209 Sed
941 2164 999 2209 eas
1014 2140 1156 2231 quidem
1179 2169 1194 2201 (ι
1210 2140 1379 2209 rhetorico
1406 2166 1421 2205 r
1439 2142 1681 2210 tantummodo

560 2256 700 2318 ornatas
714 2249 931 2340 populariter
948 2247 1135 2315 adhibebat
1158 2269 1164 2315 :
1202 2249 1244 2316 de
1265 2249 1487 2316 Providentia
1504 2272 1584 2318 vero
1604 2251 1682 2316 deo-

562 2380 640 2424 rum
673 2354 839 2425 afferebat
872 2362 982 2423 totam
1016 2354 1170 2422 scholam
1213 2363 1246 2422 et
1281 2356 1421 2445 propria
1462 2363 1683 2445 argumenta-

561 2465 656 2533 tione
669 2465 716 2555 (2)
736 2471 770 2531 et
788 2464 954 2531 adversae
969 2463 1143 2553 opinionis
1157 2463 1364 2531 refutatione
1385 2463 1429 2553 (3)
1446 2464 1596 2532 breviter
1611 2467 1682 2530 ins-

563 2577 835 2661 tructam‚quam
849 2569 1006 2638 eamdem
1026 2570 1061 2634 in
1077 2568 1182 2636 latius
1197 2568 1374 2637 dilatatam
1395 2570 1502 2637 Balbo
1518 2578 1555 2638 ut
1575 2572 1683 2638 stoico

563 2679 597 2746 in
627 2678 780 2746 secundo
803 2677 845 2744 de
867 2680 1000 2745 Natura
1026 2675 1164 2742 deornm
1185 2675 1273 2742 libro
1296 2677 1493 2744 mandatam
1518 2700 1592 2745 esse
1609 2676 1680 2768 jam

563 2786 738 2853 diximus:
758 2807 847 2874 quae
871 2784 1032 2873 quamvis
1052 2806 1071 2850 a
1088 2784 1227 2873 propria
1264 2790 1377 2851 certae
1405 2784 1609 2874 disciplinae
1630 2808 1684 2851 ra-

564 2893 657 2959 tione
670 2892 712 2960 ad
728 2890 897 2980 quasdam
914 2890 1084 2980 ejusmodi
1105 2891 1308 2972 sententiae,
1324 2913 1411 2980 quae
1425 2892 1584 2981 pluribus
1605 2915 1684 2981 pro·

565 2998 842 3080 babilesfierent,
861 2998 1012 3065 oratorie
1038 2997 1233 3064 traduxerit
1262 2999 1362 3083 {sicut
1397 2997 1438 3064 de
1468 2999 1543 3086 lege
1569 3028 1583 3058 α
1617 3021 1682 3064 non

565 3108 694 3196 scripta
708 3106 766 3174 sed
784 3112 864 3173 nata
881 3133 895 3166 o
917 3107 954 3172 in
975 3104 1155 3193 superiore
1178 3102 1334 3193 ejusdem
1355 3106 1522 3171 orationis
1542 3105 1617 3171 loco
1638 3104 1683 3194 (l)

566 3237 604 3279 ea
624 3212 800 3297 disseruit,
818 3236 906 3303 quae
923 3212 1014 3279 circa
1030 3209 1122 3278 idem
1138 3218 1277 3300 tempus
1292 3211 1453 3299 inprime
1469 3215 1516 3278 De
1540 3212 1685 3301 Lepidus

564 3320 653 3387 libro
668 3320 719 3410 (5)
736 3344 751 3386 s
769 3321 853 3387 oicis
870 3320 1021 3386 maxime
1044 3317 1237 3385 rationibus
1253 3317 1509 3407 concludebat,
1530 3358 1574 3368 —
1593 3341 1685 3384 unus

565 3435 656 3494 certe
678 3427 915 3516 interjudices
933 3426 1000 3515 (cui
1023 3447 1058 3491 sc
1077 3425 1268 3512 plurimum
1301 3412 1453 3491 tribuere
1483 3425 1524 3492 M.
1549 3425 1685 3491 Tullius

566 3535 601 3600 in
628 3536 783 3602 oratione
808 3536 883 3624 ipsa
908 3533 1015 3599 semel
1041 3534 1241 3620 iterumque
1272 3531 1461 3617 indicabat)
1481 3533 1530 3622 (6)
1552 3533 1582 3599 is
1605 3532 1682 3614 fuit,

566 3642 622 3709 cui
637 3641 748 3709 eidem
770 3641 852 3708 talia
873 3646 911 3707 ut
935 3640 1042 3707 stoica
1061 3661 1097 3705 se
1119 3639 1347 3728 probaturum
1368 3662 1443 3706 esse
1473 3662 1612 3729 sperare
1626 3662 1684 3728 po-

551 3827 552 3832 *
566 3750 674 3815 tuerit
688 3748 755 3837 (l).

600 3980 632 4042 (t)
651 3981 683 4027 P.
699 3978 807 4036 Milone,
824 3980 907 4027 85-86.

599 4051 632 4111 (2)
648 4051 677 4099 V.
693 4050 721 4098 in
732 4049 792 4098 loco
808 4052 932 4112 excerpto
948 4065 955 4097 ι
974 4066 985 4092 «
1001 4051 1056 4107 Est,
1073 4051 1115 4098 est
1129 4048 1249 4112 profecto
1261 4050 1308 4099 illa
1321 4051 1404 4108 vis...‚
1417 4052 1458 4097 etc
1481 4070 1502 4097 n.

598 4122 632 4182 (3)
646 4120 713 4169 lbid.
731 4136 737 4168 ι
754 4141 764 4163 ιι
781 4121 838 4169 Nisi
853 4120 921 4168 torte
938 4121 1037 4170 idcirco
1053 4133 1109 4168 non
1123 4122 1258 4183 putant...,
1272 4124 1322 4170 etc.
1343 4142 1353 4163 υ

596 4195 631 4252 (l)
646 4192 733 4255 Capi
749 4190 1010 4255 (quasipraeiatione
1025 4191 1231 4253 disceptationis
1246 4214 1256 4235 a
1274 4192 1305 4241 de
1319 4193 1378 4254 jure
1396 4192 1426 4255 υ).
1444 4192 1480 4240 Cl.
1503 4207 1593 4256 supra,
1606 4207 1631 4255 p.
1642 4194 1682 4239 73.

600 4263 736 4326 (sicma
753 4277 813 4325 sca·
1563 4298 1566 4303 =

601 4337 632 4396 (6)
649 4336 678 4383 P.
695 4332 762 4392 Mil,
780 4336 817 4393 lb,
832 4335 878 4393 583
897 4336 924 4383 et
938 4336 968 4383 26
983 4334 1024 4395 (de
1040 4335 1141 4382 Catone
1156 4332 1290 4383 dicimusl.

599 4409 631 4467 (ἶ)
646 4408 738 4468 Neque
769 4405 868 4454 idcirco
895 4406 1084 4455 contendimus
1121 4420 1152 4453 ea
1181 4406 1254 4454 dicto
1279 4421 1348 4461 esse.
1376 4408 1467 4470 qualia
1502 4408 1530 4456 in
1566 4408 1687 4456 oratione

569 4478 648 4526 nobis
670 4477 769 4527 tradita
789 4478 921 4539 legimus:
939 4478 969 4524 V.
984 4476 1195 4526 commentarios
1212 4477 1243 4535 Q.
1263 4479 1363 4528 Asconi
1379 4478 1489 4527 Pediani
1505 4478 1536 4528 de
1557 4480 1607 4527 hac
1630 4493 1676 4527 ora

568 4550 654 4599 tione.
