4467 6167
1050 803 1218 868 ..(5-

575 978 742 1061 exceptus
757 970 802 1037 sit
816 970 874 1058 (1),
889 1008 934 1018 -
947 990 1059 1057 aequo
1070 968 1315 1037 animoaudire
1330 990 1401 1035 non
1412 968 1695 1058 potneritdtque

573 1101 671 1161 sane,
688 1077 772 1145 dum
787 1078 824 1143 in
837 1076 1095 1166 philosophiam
1116 1075 1163 1164 (2)
1185 1077 1339 1167 primum
1358 1075 1695 1165 argumentationem

574 1206 675 1252 suam
691 1182 851 1265 intendit,
873 1182 962 1249 hanc
982 1183 1159 1271 propriam
1181 1182 1383 1250 inscientiae
1403 1204 1486 1249 suae
1525 1182 1695 1249 rationem

573 1290 787 1373 dissimulat,
846 1310 1047 1379 quanquam
1062 1310 1106 1357 ne
1118 1290 1151 1355 in
1162 1288 1382 1379 philosophia
1392 1287 1531 1378 quidem
1544 1288 1694 1355 similem

574 1396 757 1465 refellendi
775 1395 889 1462 Crassi
911 1417 1088 1463 causama
1116 1418 1153 1463 se
1191 1396 1320 1464 afuisse
1347 1396 1421 1485 ipse
1454 1402 1572 1485 postea
1605 1394 1695 1462 indi-

572 1501 760 1590 cabitt3):
798 1501 870 1579 sed,
904 1500 986 1568 dum
1008 1499 1054 1584 id,
1081 1503 1171 1592 quod
1214 1503 1327 1571 Crassi
1359 1502 1514 1570 oratione
1542 1502 1693 1569 nimium

572 1615 822 1699 exaggeratum
837 1631 931 1675 nune
947 1609 1135 1692 existimat,
1152 1609 1194 1676 ad
1215 1608 1399 1700 justiorem
1423 1610 1580 1676 veritatis
1604 1609 1693 1676 ima-

572 1717 692 1805 ginem
712 1716 883 1785 adducere
895 1737 931 1782 se
948 1716 1143 1805 profitetur.
1167 1718 1415 1806 propriamque
1445 1716 1593 1782 oratoris
1621 1716 1692 1783 vim

571 1846 612 1890 ac
626 1822 826 1891 facultatem
846 1846 866 1889 a
879 1822 1004 1890 Crasso
1017 1822 1122 1889 latius
1139 1823 1192 1911 (ut
1205 1823 1382 1912 opinatur)
1403 1822 1692 1910 comprehensam

571 1930 762 1997 artioribus
775 1931 936 1998 terminis
952 1929 1116 1999 describit
1130 1930 1192 2020 (1),
1211 1954 1254 1998 ne
1280 1931 1314 1997 in
1333 1930 1395 1998 hoc
1409 1930 1551 2020 quidem
1571 1928 1694 1997 adver·

571 2036 671 2104 sandi
696 2036 812 2105 studio
840 2060 1015 2105 summam
1031 2038 1106 2128 ejus
1120 2039 1328 2106 sententiam
1349 2062 1368 2106 a
1389 2037 1501 2105 Crassi
1529 2037 1692 2126 opinione

570 2144 716 2211 omnino
747 2151 999 2234 repugnantem
1032 2145 1213 2213 videmus:
1243 2168 1356 2235 neque
1390 2145 1481 2212 enim
1521 2145 1587 2210 nisi
1622 2166 1692 2211 uno

570 2250 678 2318 verbo
697 2251 756 2341 (5),
768 2291 810 2300 -
822 2274 842 2318 a
856 2273 937 2340 quo,
950 2258 1117 2342 tanquam
1133 2259 1262 2320 temere
1272 2253 1411 2332 emisso,
1427 2252 1500 2337 ipse
1515 2249 1639 2318 deinde
1655 2272 1690 2317 re

569 2357 716 2424 discedit
732 2357 794 2449 (6),
830 2398 874 2407 -
897 2358 1069 2426 subtrahit
1089 2358 1189 2440 illud,
1226 2359 1316 2448 quod
1338 2358 1537 2425 desummo
1568 2364 1599 2423 et
1616 2379 1691 2446 per-

569 2464 659 2531 fecto
674 2470 810 2532 oratore
831 2464 954 2532 Crasso
967 2472 1046 2532 ante
1066 2488 1229 2533 assensus
1245 2471 1298 2532 est
1313 2467 1351 2551 (1,
1378 2488 1384 2545 ;
1420 2486 1531 2554 nequo
1569 2485 1689 2529 rursus

568 2593 651 2638 eum
671 2572 788 2661 ipsum
810 2599 826 2632 «
852 2573 1086 2662 operarium»
1106 2627 1113 2641 .
1141 2573 1282 2663 qualem
1295 2578 1468 2639 oratorem
1483 2570 1564 2637 facit
1592 2572 1653 2660 (8),
1670 2593 1690 2638 a

568 2706 585 2739 «
603 2677 771 2745 bonarum
787 2680 916 2746 artium
933 2708 947 2739 υ
971 2680 1085 2746 studio
1117 2679 1160 2746 ab
1185 2681 1351 2768 omnique
1378 2708 1392 2739 «
1424 2676 1641 2744 humanitate
1672 2705 1686 2737 r

568 2784 722 2874 sejungit
755 2785 826 2876 (9);
857 2786 991 2853 nullam
1008 2787 1139 2854 scilicet
1156 2787 1189 2852 in
1211 2808 1348 2853 summa
1380 2786 1576 2875 graviorem
1607 2806 1687 2851 con·

567 2890 759 2959 tradicendi
797 2892 966 2960 rationem
993 2892 1155 2959 habuisse
1171 2893 1321 2974 videtur,
1344 2913 1448 2981 quam
1480 2890 1572 2981 quud
1605 2912 1687 2956 con-

565 2998 692 3082 tendit,
735 2999 776 3067 ad
805 3001 916 3090 ipsam
938 2999 1075 3067 dicendi
1105 3001 1388 3068 exercitationem
1444 2998 1577 3065 dicendi
1614 3005 1685 3064 stu·

565 3104 754 3172 diesisnon
779 3106 827 3172 ita
843 3107 994 3173 multum
1026 3107 1129 3196 spatii
1143 3129 1230 3184 esse,
1245 3113 1280 3173 ut
1301 3105 1341 3171 ad
1367 3127 1421 3171 ros
1438 3105 1554 3171 minus
1567 3127 1686 3170 neces·

565 3211 677 3278 sarias
699 3216 855 3301 tempora
868 3234 931 3278 sua
945 3211 1152 3301 dispertiant
1164 3212 1254 3301 (111);
1276 3234 1379 3301 quam
1397 3213 1508 3300 ipsam
1525 3210 1685 3276 nltimam

563 3318 738 3385 rationem
754 3317 1024 3386 subtilioribus-a
1040 3318 1163 3385 Crasso
1184 3319 1298 3385 allatis
1312 3317 1505 3385 rationibus
1525 3319 1593 3402 (11)
1616 3316 1685 3384 dis-

561 3425 634 3492 cuti
655 3447 737 3492 mox
756 3424 954 3493 videbimus
969 3449 976 3504 ;
993 3448 1073 3492 nam
1089 3425 1131 3491 ad
1154 3448 1316 3514 praesens
1331 3425 1476 3492 Crassus
1510 3426 1592 3491 satis
1610 3447 1684 3492 esse

556 3530 706 3622 judicat,
728 3530 782 3598 his
802 3532 917 3600 verbis
951 3532 1242 3612 animadvertere,
1269 3555 1408 3600 ornnem
1442 3533 1582 3598 Antonii
1605 3556 1624 3598 a
1649 3555 1684 3596 sn

561 3638 818 3706 dissensionem
832 3645 864 3705 in
876 3641 1023 3707 oratoris
1038 3640 1241 3707 delinitione
1254 3641 1384 3708 versari
1399 3640 1467 3729 (12)
1486 3659 1492 3705 :
1512 3668 1526 3698 n
1547 3663 1613 3706 nnn
1631 3663 1684 3704 sn·

594 3874 627 3934 (1)
647 3873 684 3921 De
702 3872 745 3922 Or.
761 3873 779 3932 1,
795 3874 848 3923 172.

594 3946 627 4006 (2)
644 3945 681 3993 De
694 3946 754 4007 iure
765 3945 839 3994 civili
851 3947 986 3996 Antonius
997 3950 1091 4010 postea
1105 3946 1229 4010 disseret,
1245 3950 1289 3997 2³4
1305 3962 1363 4012 sqq.

594 4017 627 4078 (3)
640 4015 688 4063 Lib
715 4016 841 4073 {Lito-61.

594 4088 627 4148 (1)
642 4086 698 4134 Lib.
716 4086 736 4146 1,
749 4088 861 4137 ris-217.

593 4160 626 4219 (5)
642 4157 661 4217 l,
678 4160 731 4216 233,
743 4159 772 4207 in
788 4159 962 4209 conclusione
974 4174 1147 4223 eorumquae
1161 4161 1193 4210 dc
1217 4162 1387 4224 philosophia
1407 4164 1531 4214 diminuit
1549 4178 1554 4211 :
1572 4184 1614 4213 a...
1632 4166 1681 4214 bor

558 4230 649 4291 (idest
665 4248 671 4278 :
690 4230 797 4280 dicendi
815 4230 979 4292 facultatem„
998 4234 1056 4282 sine
1077 4233 1122 4282 illu
1146 4233 1331 4297 philosophiae
1355 4235 1455 4295 studio)
1476 4251 1606 4282 mnrmrnnr
1621 4253 1681 4286 rnna

533 4314 650 4365 ·posse.
674 4321 685 4344 a

593 4376 625 4435 (6)
642 4375 687 4422 258
705 4389 710 4421 :
726 4394 737 4417 a
754 4374 866 4424 voluisti
884 4377 912 4424 in
927 4389 976 4425 suo
994 4389 1091 4437 genere
1113 4390 1335 4440 unumquemque
1351 4381 1474 4427 nostrum
1492 4379 1570 4442 «putu
1587 4394 1680 4442 numn-

558 4444 624 4495 dam
641 4456 700 4494 esse
719 4446 878 4496 Roscium...
897 4451 948 4496 etr.
962 4467 972 4488 n

591 4518 624 4577 (1)
640 4515 679 4564 Cl.
696 4515 716 4575 1,
731 4517 761 4564 80
778 4518 817 4577 (ut
833 4532 914 4580 supra
922 4518 1050 4576 diximus,
1066 4534 1091 4582 p.
1105 4522 1143 4575 12,
1160 4534 1186 4568 n.
1206 4521 1239 4581 8).

591 4588 624 4649 (8)
641 4585 717 4644 (11.1,
734 4590 779 4636 263

591 4659 623 4720 (9)
640 4658 679 4707 Cl.
697 4660 715 4717 1,
729 4661 774 4707 ’256
792 4678 798 4708 :
816 4680 827 4703 α
843 4674 931 4724 neque
945 4661 1099 4724 repugnabo
1114 4700 1141 4719 ..‚
1154 4665 1204 4711 etc.

591 4730 639 4791 (10)
653 4729 691 4779 Cf.
711 4730 730 4788 1,
744 4733 850 4789 256,260
863 4732 948 4794 :quod
961 4731 1033 4781 idem
1047 4747 1128 4797 supra
1144 4735 1192 4794 (81,
1206 4735 1370 4798 praeteriens
1381 4733 1515 4784 trutinabat
1534 4735 1677 4793 dntnutns.

558 4799 624 4849 dum
642 4801 739 4850 Crasso
751 4803 882 4851 assentire
899 4818 927 4851 se
939 4803 1037 4852 aiebat.

591 4872 640 4933 (11)
657 4872 687 4920 ln
700 4871 768 4921 libro
784 4874 817 4921 111
834 4874 871 4921 De
889 4874 962 4922 Orat.

591 4944 638 5005 (12)
655 4945 700 4991 aaa
716 4944 846 5005 (extremo
861 4944 915 4994 iere
924 4945 994 4995 libro
1004 4948 1031 5006 1,.
1044 4948 1135 5010 Neque
1146 4947 1272 4998 videlicet
1281 4949 1479 4999 sirrniudnntriu
1490 4950 1614 5000 utl‘ccturu
1625 4952 1675 5004 unt.
