4467 6167
1021 730 1216 797 -10t-

600 898 667 967 Per
677 897 813 967 Stoicos
841 900 950 989 igitur
968 900 1019 967 sic
1038 898 1267 981 alliciebatur,
1289 906 1387 968 utne
1413 908 1489 969 tum
1518 903 1674 992 quidem,

554 1028 634 1072 cum
658 1004 831 1098 depopnli
849 1006 984 1073 romani
1004 1005 1170 1073 felicitate
1195 1006 1308 1096 deque
1331 1006 1477 1074 deorum
1499 1010 1677 1078 immorta-

555 1113 643 1179 lium
658 1142 671 1170 ι
685 1135 825 1179 summo
837 1136 1011 1204 ergaeum
1031 1135 1150 1181 amore
1168 1143 1182 1172 n
1202 1113 1251 1198 (l)
1271 1114 1456 1204 popularia
1470 1117 1679 1206 simpliciter

556 1219 701 1292 diceret.
725 1218 768 1286 ab
807 1222 902 1286 omni
934 1220 1225 1310 philosophorum
1254 1222 1387 1289 ratione
1419 1229 1540 1291 noster
1564 1233 1679 1293 orator

557 1327 678 1394 abesse
693 1327 759 1393 sibi
775 1326 884 1394 rideri
901 1334 1031 1417 posset.
1053 1328 1175 1416 Neque
1190 1326 1350 1395 videlicet
1375 1331 1516 1398 nescius
1536 1340 1623 1414 erat,
1642 1372 1676 1383 -

558 1456 639 1501 cum
655 1435 689 1498 in
708 1433 919 1501 orationede
929 1433 1079 1501 Catilina
1090 1433 1133 1501 ad
1150 1435 1320 1524 populum
1336 1434 1455 1503 hahita
1469 1437 1513 1526 (2)
1528 1438 1677 1522 doceret,

558 1563 612 1614 ea.
642 1562 732 1630 quae
768 1541 810 1607 ad
843 1538 1154 1630 deprehendendos
1181 1542 1434 1631 conjurationis
1464 1546 1576 1613 socios
1608 1547 1681 1637 ipse

559 1647 888 1726 administravisset,
915 1649 1056 1714 nonnisi
1084 1678 1098 1708 ι
1132 1648 1278 1715 deorum
1310 1649 1566 1719 immortalium
1595 1660 1681 1720 nutu

559 1753 820 1843 atqueconsilio
838 1783 852 1813 i
870 1756 943 1843 geri
961 1755 1129 1844 potuisse,
1143 1754 1249 1844 idque
1261 1753 1426 1845 prodigiis
1437 1763 1543 1846 atque
1559 1756 1682 1825 harus-

560 1863 678 1950 picum
716 1861 893 1950 responsis
926 1860 1174 1928 enumerandis
1213 1862 1448 1941 confirmaret‚
1493 1904 1532 1912 -
1569 1865 1681 1954 ipsam

563 1970 691 2035 stoicae
723 1966 765 2033 de
800 1975 922 2034 natura
953 1966 1099 2034 deorum
1137 1967 1277 2035 scholae
1312 1970 1596 2057 progressionem
1632 1973 1679 2062 (3)

562 2073 797 2164 quasiducem
811 2075 891 2141 talis
906 2074 1170 2164 componendae
1188 2076 1335 2142 rationis
1355 2099 1392 2144 se
1410 2075 1551 2145 habere.
1571 2082 1684 2169 Atque

564 2204 625 2269 per
641 2180 811 2247 similium
834 2204 951 2248 rerum
965 2181 1234 2271 explicationem
1263 2184 1299 2250 in
1318 2182 1459 2250 Milonis
1482 2185 1685 2253 defensione

564 2287 606 2353 ad
640 2286 797 2353 eamdem
832 2289 943 2374 ipsam
974 2317 987 2345 ιι
1021 2288 1177 2353 scholam
1213 2317 1230 2350 a
1260 2274 1387 2357 iterium
1409 2292 1685 2380 expromendam

566 2393 735 2459 adductus
761 2401 825 2462 est.
846 2415 952 2482 quam
974 2394 1008 2458 in
1031 2395 1190 2461 oratione
1213 2394 1255 2462 de
1276 2397 1506 2486 Haruspicum
1530 2422 1686 2489 responso

568 2500 685 2566 habita
710 2498 914 2589 productam
941 2502 1163 2567 notavimus:
1186 2504 1383 2569 cumcuim
1407 2510 1483 2593 post
1503 2513 1685 2573 tractatam

565 2607 758 2693 legitimam
782 2637 794 2664 n
828 2606 870 2671 de
898 2628 971 2676 rure
997 2605 1318 2696 ”disceptationem
1333 2609 1382 2675 sic
1400 2617 1684 2698 persequeretur,

567 2736 628 2802 per
648 2721 796 2779 mortem
817 2711 926 2778 Clodii
948 2712 1110 2780 llilonem
1129 2713 1341 2802 reipublicae
1368 2717 1494 2782 salutis
1510 2724 1687 2784 auctorem

565 2819 685 2885 tuisse.
702 2842 813 2907 ireque
830 2829 944 2885 tamen
971 2842 1052 2886 eum
1073 2828 1145 2885 tam
1162 2822 1305 2909 propria
1320 2822 1353 2888 vi
1374 2844 1413 2887 ac
1433 2824 1563 2891 virtute
1581 2847 1686 2914 quam

566 2927 711 2993 deorum
732 2927 910 2992 voluntate
925 2927 1114 2994 elcensilio
1137 2926 1170 2993 id
1195 2929 1309 3014 egisse
1327 2928 1389 3017 (l),
1412 2927 1454 2995 ad
1474 2930 1685 2998 confirman-

571 3036 650 3101 dam
665 3038 752 3100 hanc
769 3036 937 3100 rationem
955 3035 1038 3099 haec
1065 3034 1316 3121 introdtixit(5)
1334 3058 1341 3102 ε

610 3245 621 3263 η
642 3215 697 3267 Sed
720 3215 810 3283 hujus
824 3214 961 3269 beneficii
976 3215 1112 3286 gratiam,
1133 3216 1259 3284 judices,
1271 3217 1394 3273 fortuna
1408 3218 1510 3289 populi
1531 3222 1649 3276 romani
1666 3227 1694 3277 et

573 3315 670 3359 restra
684 3304 809 3358 felicitas
823 3311 850 3357 et
866 3305 894 3358 di
910 3304 1095 3359 immortales
1110 3306 1166 3360 sibi
1182 3307 1284 3361 deberi
1306 3312 1423 3377 putant.
1439 3309 1498 3363 Nec
1512 3326 1583 3364 vero
1611 3313 1694 3381 quis-

573 3410 663 3464 quam
677 3394 907 3447 aliterarlitrari
920 3401 1026 3464 potest.
1039 3396 1096 3448 nisi
1109 3396 1161 3466 qui
1176 3394 1290 3450 nullam
1300 3397 1359 3450 vim
1372 3413 1434 3452 esse
1450 3398 1533 3452 ducit
1545 3415 1694 3455 numenve

576 3483 720 3540 divinum.
738 3499 826 3551 «quem
843 3498 942 3553 neque
958 3484 1075 3554 imperii
1099 3486 1195 3538 nostri
1209 3485 1382 3557 magnitudo
1398 3502 1497 3557 neque
1517 3487 1562 3541 sol
1576 3489 1624 3543 ille
1641 3506 1695 3544 nec

575 3570 650 3625 caeli
666 3573 878 3642 signorumque
899 3580 998 3627 motus
1017 3589 1072 3627 uec
1087 3573 1311 3629 vicissitudines
1333 3591 1434 3630 rerum
1458 3581 1549 3646 atque
1577 3579 1696 3633 ordines

577 3671 694 3716 niorent
725 3678 835 3732 neque.
860 3663 889 3717 id
916 3663 996 3733 quod
1025 3664 1187 3718 maximum
1214 3668 1268 3729 est,
1290 3664 1439 3735 majorum
1463 3666 1622 3736 sapientia,
1646 3668 1696 3738 qui

578 3768 673 3812 sacra.
685 3753 736 3823 qui
752 3754 961 3812 caerimonias.
976 3753 1027 3823 qui
1038 3753 1171 3824 auspicia
1183 3759 1214 3807 et
1227 3754 1283 3823 ipsi
1293 3754 1480 3809 sanctissime
1497 3755 1656 3811 coluerunt
1670 3763 1699 3811 et

578 3844 664 3897 trabis
691 3843 753 3897 suis
782 3843 907 3912 posteris
931 3842 1136 3912 prodiderunt.
1161 3844 1221 3908 Est,
1241 3848 1287 3897 est
1301 3843 1436 3912 prolecto
1457 3843 1509 3900 illa
1524 3846 1577 3911 viS,
1599 3862 1697 3916 neque

579 3934 608 3987 in
626 3933 670 3986 his
685 3932 863 4002 corporibus
876 3938 965 4002 atque
987 3931 1017 3985 in
1039 3932 1093 3985 hac
1110 3930 1314 3986 imbellicitate
1330 3937 1432 3987 nostra
1447 3933 1525 3987 inest
1544 3935 1698 4005 quiddam,

580 4021 660 4093 quod
673 4022 768 4093 rigeat
784 4027 811 4074 et
827 4022 946 4080 sentiat.
961 4037 1021 4075 non
1035 4021 1113 4074 inest
1128 4021 1157 4074 in
1168 4021 1223 4075 hoc
1236 4026 1318 4075 tanto
1331 4026 1455 4077 naturae
1472 4028 1531 4077 tam
1545 4024 1699 4092 praeclaro

582 4118 674 4166 motu.
696 4112 755 4164 Nisi
771 4110 848 4164 torte
865 4112 976 4165 idcirco
991 4127 1051 4164 non
1072 4116 1189 4181 putant,
1211 4111 1281 4180 quia
1303 4127 1364 4165 non
1386 4117 1510 4181 apparet
1529 4128 1585 4167 nec
1601 4113 1701 4168 cerni-

581 4208 645 4255 tur:
662 4200 787 4270 proinde
808 4201 892 4270 quasi
905 4207 1038 4254 nostram
1054 4200 1148 4269 ipsam
1165 4206 1308 4264 mentem,
1320 4215 1379 4269 qua
1400 4200 1542 4269 sapimuS,
1557 4217 1617 4270 qua
1632 4218 1701 4271 pro-

584 4303 727 4353 ridemus
744 4306 803 4358 qua
818 4290 891 4344 haec
911 4291 972 4360 ipsa
986 4289 1101 4361 agimus
1116 4304 1151 4343 ac
1164 4288 1302 4355 dicimus,
1316 4288 1415 4343 ridere
1427 4295 1478 4343 aut
1489 4289 1588 4359 plane,
1604 4290 1702 4361 qualis

583 4384 634 4433 aut
649 4376 757 4443 ubisit,
775 4378 885 4432 sentire
901 4378 1059 4449 possimus.
1081 4379 1119 4430 Ea
1130 4377 1175 4430 vis
1189 4377 1279 4449 igitur
1293 4378 1367 4447 ipsa,
1381 4393 1457 4449 quae
1471 4393 1560 4449 saepe
1576 4379 1703 4434 incredi-

617 4602 649 4665 (1)
663 4600 741 4651 etan
758 4600 837 4650 Catil.
854 4601 1005 4651 orationem
1016 4600 1051 4648 lll
1067 4597 1110 4659 lad
1126 4600 1275 4663 poputum),
1292 4604 1314 4651 t.

617 4674 649 4734 (2)
665 4672 754 4722 Tertia
769 4691 779 4718 a
798 4672 828 4721 ln
842 4674 868 4720 L.
883 4673 1027 4722 Catilinam
1045 4691 1056 4711 υ
1072 4671 1210 4733 inscripta,
1225 4686 1282 4736 cap.
1297 4674 1349 4721 8-9.

616 4748 649 4806 (3)
669 4744 760 4803 Qualis
775 4759 808 4795 ea
822 4744 970 4808 explicetur
985 4742 1095 4793 aBelbo
1109 4742 1137 4789 in
1148 4743 1194 4791 lib.
1213 4744 1235 4792 ll
1253 4744 1288 4792 De
1305 4744 1365 4794 Nat.
1380 4745 1458 4796 Deor.
1475 4750 1487 4795 3
1501 4748 1527 4796 et
1541 4748 1593 4795 162.

619 4818 651 4875 tlt
667 4818 696 4863 Ρ.
712 4815 817 4877 Milone,
834 4819 847 4865 6
860 4817 897 4878 tin
912 4814 1096 4879 propositione
1110 4851 1117 4871 ‚
1131 4815 1158 4863 et
1173 4816 1210 4864 83.

620 4888 651 4949 (5)
668 4886 735 4937 lbid.
751 4902 809 4952 cap.
826 4890 864 4947 30,
881 4892 893 4947 ἓ
908 4889 937 4936 83
953 4901 1011 4950 sqq.
