4467 6167
928 852 1108 917 ..41-

464 1022 673 1091 moditatem
701 1019 820 1089 relatis
848 1042 931 1087 suae
964 1018 1124 1107 utrisque
1151 1014 1390 1083 doctrinae-
1421 1015 1584 1104 quamvis

465 1130 678 1198 diversae-
700 1127 743 1196 de
772 1128 927 1217 sapiente
958 1131 992 1193 et
1022 1121 1194 1191 derebus
1228 1120 1329 1189 bonis
1362 1129 1466 1211 atque
1482 1122 1584 1189 malis

465 1236 619 1327 objectae
630 1242 723 1317 sunt,
740 1241 922 1324 propterea
941 1231 1031 1322 quod
1052 1231 1153 1298 alteri
1165 1230 1357 1319 sapientem
1373 1228 1585 1318 erepublica

467 1352 500 1412 et
523 1348 566 1411 ab
591 1344 687 1410 omni
714 1341 830 1409 officio
863 1340 957 1407 civili
990 1347 1204 1421 amoverent,
1244 1341 1434 1409 alterorum
1467 1347 1583 1408 autem

470 1457 650 1540 praecepta
665 1450 738 1517 sive
754 1448 858 1515 rebus
872 1448 945 1514 sive
961 1445 1076 1514 verbis
1097 1470 1116 1512 a
1143 1447 1324 1514 civitatum
1340 1447 1496 1515 moribus
1518 1454 1552 1515 et
1566 1471 1586 1515 a

467 1542 560 1626 vitae
572 1554 823 1624 consuetudine
838 1553 1076 1632 abhorrerent,
1094 1591 1122 1599 -
1149 1552 1586 1644 itaPeripateticoseisque

468 1663 649 1752 adjunctos
669 1668 803 1730 veteres
816 1660 1040 1729 Academicos
1056 1660 1206 1749 optimos
1223 1688 1238 1722 «
1258 1663 1422 1747 scientiae
1438 1662 1550 1729 civilis
1569 1691 1584 1723 »

470 1773 722 1859 praeceptores,
750 1774 855 1855 atque
886 1766 1025 1833 eosdem
1045 1766 1079 1831 in
1107 1768 1180 1832 suis
1207 1770 1398 1858 praeceptis
1431 1768 1587 1836 modera-

468 1883 521 1943 tos
555 1881 834 1964 temperatesque
858 1873 965 1963 fuisse
993 1872 1076 1938 satis
1100 1871 1305 1955 constabat3
1333 1868 1441 1943 novae
1470 1882 1586 1941 autem

470 1982 676 2051 Academiae
696 1982 768 2049 vim
793 1980 827 2046 in
844 1977 1052 2068 disputando
1072 1979 1248 2046 Arcesilas
1268 1988 1302 2048 et
1336 1981 1528 2049 Carneades
1548 2004 1588 2048 eo

472 2091 621 2157 maxime
661 2086 851 2155 intendisse
882 2085 1094 2167 ferebantur,
1123 2091 1162 2153 ut
1197 2090 1469 2156 controversiam
1500 2089 1590 2154 inter

474 2196 719 2284 Peripateticos
750 2201 784 2261 et
818 2194 951 2262 Stoicos
975 2193 1171 2260 institutam
1197 2201 1330 2261 —eta
1351 2195 1590 2284 Peripateticis

473 2300 614 2392 quidem
639 2301 779 2368 mollius
817 2305 998 2367 tractatam
1020 2298 1067 2389 (1)
1102 2340 1141 2348 -
1169 2300 1402 2390 disceptarent
1428 2300 1488 2391 (2).
1523 2301 1589 2368 Sed

474 2416 589 2476 tamen
610 2409 677 2497 ipsi
698 2407 917 2496 Peripatetici
938 2406 979 2473 de
1005 2407 1162 2495 sapiente
1186 2408 1274 2475 etde
1294 2407 1473 2475 retinenda
1488 2409 1591 2474 allec·

474 2524 575 2583 tuum
595 2513 835 2582 mediocritate
851 2537 891 2582 ea
906 2512 1074 2581 docebant
1087 2514 1152 2603 (3),
1168 2536 1256 2603 quae
1271 2513 1313 2581 ab
1338 2514 1412 2604 ejus
1429 2515 1589 2594 oratoris,

475 2644 581 2711 quem
601 2627 797 2708 quaereret,
815 2620 930 2687 allicio
951 2642 1145 2709 repugnare
1167 2620 1370 2688 Ciceronem
1393 2644 1461 2687 non
1477 2621 1590 2709 fugit:

475 2728 504 2795 si
520 2728 659 2817 quidem
672 2750 740 2794 non
757 2734 887 2795 temere
898 2728 1090 2794 Antonium
1101 2750 1205 2794 suum
1217 2729 1265 2796 ita
1277 2729 1475 2818 loquentem
1497 2728 1591 2808 fecit,

475 2841 595 2902 utnon
619 2833 721 2901 modo
741 2833 877 2901 illama
910 2834 1034 2900 Stoicis
1060 2833 1337 2902 commendatam
1362 2842 1500 2911 ἀπάθειαν,
1534 2836 1593 2901 sed

475 2942 579 3009 etiam
591 2940 681 3007 banc
694 2940 1004 3029 Peripateticorum
1026 2949 1237 3023 μετριοπάθειαν
1254 2941 1295 3008 ab
1312 2942 1461 3009 oratorio
1485 2941 1595 3008 conci-

476 3046 662 3115 tandorum
686 3047 741 3116 vel
758 3049 908 3114 maxime
922 3048 1120 3114 animorum
1136 3070 1280 3116 munere
1300 3047 1487 3115 abhorrere
1503 3047 1594 3113 indi-

477 3161 571 3222 caret
586 3154 643 3241 (l).
668 3154 764 3234 Quod
783 3155 812 3220 si
838 3155 945 3242 igitur
960 3156 1035 3243 ejus
1052 3156 1190 3243 generis
1207 3163 1484 3244 praeceptorum,
1507 3175 1595 3244 quae

477 3262 519 3329 ad
540 3270 638 3339 ἠθικὴν
653 3262 877 3350 pertinerent,
892 3262 979 3328 ratio
991 3263 1143 3329 maxime
1162 3261 1318 3329 habenda
1340 3268 1442 3343 esset,
1457 3282 1594 3327 -cum

479 3370 597 3437 Cicero
615 3367 698 3435 haec
717 3368 785 3434 tria
803 3369 931 3434 oratori
962 3367 1143 3435 allicienda
1170 3392 1245 3436 esse
1265 3391 1402 3457 semper
1421 3368 1593 3448 statuerit,

480 3505 495 3537 «
514 3483 552 3542 ut
571 3474 753 3542 doceretur
766 3475 809 3558 ie,
824 3474 915 3563 apud
936 3497 1040 3563 quem
1061 3475 1207 3557 dicatur,
1234 3482 1272 3543 ut
1296 3476 1537 3559 delectaretur,
1560 3488 1597 3542 ut

480 3595 670 3649 moveretur
689 3581 949 3649 vehementius»
976 3583 1037 3672 (5),
1064 3622 1105 3631 -
1132 3584 1163 3649 ei
1192 3584 1340 3651 oratoris
1369 3583 1481 3650 officio
1505 3582 1596 3670 quod

481 3691 555 3779 ipse
571 3690 651 3756 ait«
674 3689 859 3778 partitione
878 3690 1033 3771 tertium,
1055 3691 1389 3778 generemaximum
1411 3718 1426 3752 »
1448 3711 1523 3756 esse
1538 3689 1595 3780 (6),

480 3817 542 3887 per
556 3796 804 3885 Peripateticos
825 3798 936 3884 magis
956 3819 1038 3864 sane
1059 3820 1165 3886 quam
1197 3819 1258 3886 per
1279 3797 1426 3881 Stoicos,
1449 3795 1597 3863 sednon

481 3904 582 3993 piane
600 3908 717 3969 tamen
730 3902 855 3969 licebat
870 3903 1044 3970 satisfieri.
1061 3905 1182 3993 Neque
1207 3926 1289 3971 vero
1314 3903 1379 3970 hoc
1405 3904 1519 3970 solum
1535 3924 1598 3969 nos

480 4009 655 4089 admonet,
687 4016 725 4076 ut
750 4032 770 4075 a
796 4009 1033 4075 doctrinarum
1059 4009 1249 4076 moralium
1277 4012 1536 4098 comparatione
1556 4009 1597 4075 ad

481 4115 632 4182 rationes
652 4116 740 4182 alius
764 4116 903 4205 generis
928 4138 1013 4198 rem,
1035 4118 1077 4185 de
1101 4139 1170 4206 qua
1195 4117 1409 4201 quaerimus,
1441 4115 1596 4183 traduca-

482 4243 571 4290 mus.

515 4479 550 4539 (1)
561 4476 599 4526 Cl.
616 4479 653 4526 De
668 4476 807 4536 Finialll,
823 4480 861 4527 11.

515 4552 549 4611 (2)
566 4549 604 4599 Cl.
619 4548 724 4598 Tuscul.
742 4549 785 4607 lV,
801 4551 823 4597 6.
842 4550 951 4599 Etcum
965 4550 1072 4598 Zenone
1087 4548 1196 4612 quidem
1224 4549 1341 4599 maxime
1359 4548 1492 4598 Arcesilas
1516 4549 1601 4597 certa-

484 4634 548 4671 men
564 4621 617 4669 sibi
631 4620 785 4670 instituisse
802 4619 901 4669 dieitur
923 4620 1005 4668 dead.
1028 4623 1127 4683 poster.
1149 4622 1168 4679 Ι,
1184 4623 1223 4679 tl,
1240 4648 1267 4656 -
1290 4622 1360 4670 sicut
1377 4619 1526 4669 Carneades
1539 4633 1601 4669 cum

484 4694 582 4742 Stoicis
594 4692 694 4742 bellum
708 4693 835 4755 gessisse,
851 4692 888 4739 De
901 4690 988 4739 Finit).
1008 4692 1040 4750 11,
1054 4694 1092 4739 11,

514 4765 548 4826 (3)
560 4760 598 4813 Cf.
615 4762 717 4813 Tuscul.
734 4764 789 4819 1v;
810 4764 894 4811 Acud.
906 4762 985 4825 prior
1014 4764 1046 4821 ll,
1064 4764 1127 4821 1353
1145 4765 1196 4812 etc.

515 4835 601 4897 (1101.
618 4835 656 4882 De
674 4835 717 4884 Or.
734 4835 755 4893 l,
769 4834 902 4885 1111111111
918 4848 1007 4898 supra,
1017 4849 1042 4898 p.
1059 4836 1098 4892 13,
1110 4847 1137 4882 n.
1154 4835 1177 4883 8.

516 4908 549 4969 15)
562 4906 600 4955 Gt.
612 4908 688 4955 Brut.
705 4908 748 4955 185
761 4922 768 4964 ;
780 4908 806 4955 et
819 4906 930 4970 passim.

517 4980 549 5042 (6)
566 4979 609 5029 Sic
616 4978 737 5042 loquitur
751 4979 780 5028 in
796 4979 889 5036 Bruto,
907 4979 966 5036 1983
982 4976 1016 5026 el.
1032 4978 1117 5037 Orat,
1134 4978 1186 5026 118.
