4467 6167
1027 810 1203 876 -85-

560 978 708 1044 tationes
727 976 822 1043 lento
839 998 1002 1065 processu
1022 975 1235 1055 ascenderat,
1254 976 1302 1041 sic
1318 996 1358 1042 ea
1374 976 1517 1041 Romam
1541 984 1677 1068 recepta

560 1106 623 1173 per
662 1083 900 1150 Romanorum
927 1083 1063 1149 animos
1093 1082 1262 1172 paulatim
1294 1082 1481 1149 influxerat
1507 1106 1634 1175 eosque
1659 1107 1678 1151 a

561 1188 788 1280 respiciendis
810 1216 825 1250 «
844 1188 1015 1278 majorum
1037 1217 1052 1249 o
1071 1189 1241 1279 exemplis
1257 1195 1290 1255 et
1304 1188 1473 1255 institutis
1488 1190 1530 1257 ad
1551 1192 1680 1258 acutio-

560 1321 635 1366 rem
652 1302 916 1387 praeceptorum
937 1318 1083 1363 suorum
1104 1298 1274 1363 rationem
1291 1296 1464 1386 gradatim
1484 1297 1676 1365 educebat:

559 1405 712 1473 indicant
734 1404 877 1471 nomina
896 1404 1070 1470 clarorum
1094 1402 1263 1485 virorum,
1287 1424 1375 1491 quos
1403 1402 1557 1469 Panaetii
1576 1401 1679 1469 audi-

559 1523 651 1581 tores
671 1519 705 1580 et
728 1512 920 1578 familiares
940 1510 1048 1577 fuisse.
1070 1515 1213 1576 constat.
1232 1510 1367 1595 ltaque,
1386 1509 1414 1575 si
1432 1510 1542 1598 ipsam
1561 1531 1678 1575 rerum

561 1628 594 1689 et
605 1619 857 1688 sententiarum
870 1618 943 1686 vim
960 1622 1101 1707 propter
1114 1638 1150 1682 se
1171 1616 1381 1695 consideres,
1400 1655 1440 1663 -
1457 1614 1497 1681 ad
1514 1615 1678 1704 eloquen-

563 1728 646 1793 tiam
668 1726 845 1792 forensem
871 1724 925 1791 vel
951 1745 991 1789 ea
1018 1723 1200 1811 sapientia,
1222 1744 1327 1813 quam
1344 1723 1462 1789 Cicero
1485 1724 1520 1788 in
1543 1729 1680 1790 oratore

562 1833 769 1922 requireret,
791 1827 1026 1910 imbuendam,
1048 1851 1089 1895 eo
1114 1828 1255 1918 quidem
1277 1836 1447 1919 tempore,
1471 1852 1539 1918 quo
1563 1829 1679 1897 Cicero

562 1937 717 2019 florebat,
736 1938 882 2004 forsitan
898 1936 981 2003 satis
1005 1942 1093 2003 esset
1111 1957 1296 2003 romanum
1319 1941 1492 2003 oratorem
1514 1959 1581 2004 oon
1605 1960 1680 2004 esse

561 2048 595 2112 in
616 2044 868 2113 consuetudine
883 2044 1036 2111 civitatis
1053 2066 1136 2110 suae
1160 2072 1175 2103 «
1191 2045 1418 2133 peregrinum
1442 2051 1545 2133 atque
1562 2043 1680 2133 hospi-

542 2153 632 2219 'tem
652 2171 691 2217 »t
715 2173 827 2240 neque
857 2172 939 2218 vero
962 2150 1115 2216 Antonio
1144 2151 1193 2217 sic
1213 2149 1407 2245 disputanti
1429 2150 1480 2240 (l)
1498 2150 1616 2217 Cicero
1645 2152 1680 2217 in

562 2260 634 2326 suis
651 2258 692 2324 de
706 2261 848 2324 Oratore
863 2256 963 2322 libris
978 2256 1140 2323 Crassum
1159 2279 1263 2323 suum
1277 2256 1572 2324 contradicentem
1586 2258 1677 2338 fecit,

562 2366 629 2432 nisi
647 2366 740 2455 quod
760 2363 803 2430 ad
820 2392 835 2423 «
857 2364 950 2430 locos
972 2391 987 2423 »
1006 2363 1060 2430 vel
1077 2386 1094 2429 e
1111 2362 1226 2429 medio
1243 2365 1425 2431 arcessitos
1441 2386 1516 2430 curn
1531 2364 1681 2451 praviter

562 2485 635 2539 tam
649 2470 782 2561 copiose
802 2469 998 2537 tractandos
1015 2469 1062 2558 (2)
1080 2470 1222 2558 propria
1237 2466 1523 2538 Academicorum
1540 2472 1679 2558 Peripa-

562 2579 793 2646 teticorumve
808 2578 1009 2643 exercitatio
1034 2578 1165 2665 optima
1181 2576 1360 2643 educatrix
1376 2583 1476 2643 esset.
1497 2576 1563 2644 Sed
1583 2577 1625 2644 ab
1641 2601 1680 2645 ea

563 2706 701 2752 summa
733 2683 870 2751 dicendi
903 2685 1032 2751 virtute
1067 2684 1103 2749 in
1135 2684 1318 2750 sententiis
1353 2684 1508 2750 universi
1543 2687 1679 2774 generis

564 2792 765 2873 exercitata,
780 2829 821 2839 -
844 2813 932 2879 quae
953 2813 1022 2879 qua
1047 2790 1180 2856 ratione
1200 2789 1243 2856 ad
1261 2786 1506 2879 philosophiae
1523 2790 1679 2857 studium

563 2899 766 2988 pertineret,
788 2920 806 2963 a
828 2896 993 2964 Cicerone
1009 2898 1085 2985 ipso
1101 2895 1388 2968 admonebamur,
1406 2937 1450 2945 —
1465 2921 1557 2964 nuno
1583 2897 1679 2964 uobis

562 3002 816 3070 transeundum
838 3010 888 3069 est
905 3001 946 3068 ad
964 3002 1033 3068 alia
1049 3007 1092 3087 (et
1113 3025 1153 3067 ea
1170 3001 1312 3090 quidem
1329 3004 1531 3090 minutiora)
1545 3004 1680 3071 dit-endi

563 3116 778 3186 ornamenta,
812 3108 940 3198 quibus
982 3130 1062 3174 curn
1097 3113 1215 3175 noster
1248 3115 1364 3176 orator
1406 3117 1573 3190 uteretur,
1604 3117 1679 3177 turn

562 3218 712 3283 maxime
729 3218 762 3282 in
789 3216 1007 3283 orationibus
1029 3218 1101 3283 suis
1130 3215 1359 3304 signiticabat,
1383 3240 1418 3283 se
1440 3220 1680 3306 «exquisitius

562 3346 668 3414 quam
688 3323 815 3413 vulgus
836 3320 1020 3389 hominum
1036 3322 1279 3412 philosophiae
1300 3323 1477 3391 studuisse
1499 3324 1546 3413 (3)
1570 3351 1597 3389 ».

606 3431 721 3520 Atque
736 3436 774 3496 ut
795 3429 896 3517 plane
916 3429 1144 3517 intelligatur,
1170 3453 1239 3519 qua
1259 3430 1299 3497 de
1319 3453 1424 3497 causa
1458 3430 1542 3498 haec
1564 3454 1680 3498 rerum

563 3540 693 3626 species
718 3535 942 3624 -quamvis
970 3536 1012 3612 ei,
1031 3558 1135 3623 quam
1157 3534 1325 3603 hactenus
1352 3539 1589 3625 exposuimus,
1607 3560 1681 3603 sae-

565 3646 641 3733 pius
660 3643 837 3732 implicata
856 3682 900 3690 —
926 3640 968 3707 ab
985 3648 1024 3709 e'a
1050 3648 1168 3709 tamen
1191 3644 1342 3731 separari
1367 3643 1408 3709 ad
1435 3645 1681 3733 propriamque

563 3751 826 3839 explicationem
859 3749 1028 3815 reservari
1052 3754 1085 3814 et
1116 3750 1266 3838 potuerit
1296 3755 1330 3816 et
1350 3749 1521 3833 debuerit,
1542 3757 1682 3816 utemur

564 3856 715 3945 exempli
730 3857 843 3946 gratia
862 3855 922 3923 illa
937 3855 1093 3923 oratione
1109 3878 1179 3944 qua
1195 3856 1324 3936 Cicero,
1344 3857 1416 3944 ipsc
1432 3857 1571 3944 quidem
1590 3857 1682 3945 prior

564 3962 679 4031 verbis
703 3964 883 4030 lacessitus
903 3962 938 4028 in
966 3968 1088 4029 senatu
1111 3963 1173 4046 (lt,
1201 3964 1236 4029 in
1265 3964 1301 4029 L.
1332 3964 1496 4029 Pisonem
1526 3963 1682 4029 invectus

564 4076 638 4138 est:
656 4072 716 4159 qui
741 4092 820 4137 cum
838 4071 873 4136 in
897 4070 1080 4135 consulatu
1100 4068 1288 4136 Gabinium
1318 4070 1486 4157 collegam
1504 4067 1684 4136 habuisset

564 4199 755 4266 corumque
775 4176 1126 4242 sceleratissimorum
1142 4177 1369 4242 consiliorum
1395 4176 1543 4259 socium,
1557 4175 1683 4264 quibus

564 4281 681 4348 Cicero
718 4310 734 4342 «
762 4282 914 4349 cedere»
947 4281 1135 4361 debuisset,
1162 4283 1356 4348 -horum
1387 4290 1576 4371 utrumque
1601 4307 1683 4350 con-

468 4421 470 4431 *
561 4388 682 4477 juncte
699 4395 819 4456 noster
835 4387 1157 4473 oratormaledictis
1173 4390 1375 4473 insectatur,
1400 4389 1483 4456 dum
1518 4390 1583 4456 boc
1608 4413 1681 4457 ma-

596 4658 628 4716 (t)
641 4657 679 4704 De
696 4656 756 4714 Or,
767 4657 791 4717 ¹1,
805 4658 850 4705 218
863 4670 936 4719 sqq,
953 4659 1033 4718 atque
1047 4657 1080 4713 ll,
1096 4656 1148 4704 l3t.
1167 4683 1196 4690 -
1207 4656 1236 4705 V.
1252 4670 1331 4719 supra
1345 4656 1373 4704 in
1384 4657 1478 4705 nostra
1489 4656 1565 4704 Parte
1583 4656 1602 4703 l.

595 4731 629 4790 (2)
639 4727 677 4777 Cf.
691 4728 729 4776 De
741 4727 837 4785 Finit..
854 4728 897 4784 lv,
911 4730 935 4787 5,
950 4727 997 4775 ubi
1010 4748 1022 4770 a
1046 4727 1138 4775 locum
1152 4727 1258 4775 civilem
1271 4747 1281 4767 r
1301 4742 1316 4775 a
1343 4727 1526 4789 Peripateticis
1545 4726 1682 4776 Academi·

564 4799 656 4862 cisque
671 4800 789 4862 praviter
803 4799 945 4863 etcopiose
962 4812 1022 4848 esse
1033 4800 1180 4847 tractatum
1193 4798 1298 4848 dicitur.

595 4870 629 4933 (3)
644 4869 681 4919 Cf.
699 4883 763 4922 eum
778 4870 853 4918 Bruti
861 4871 925 4930 {322t
937 4870 1028 4918 locum
1043 4883 1124 4931 quem
1140 4883 1220 4932 supra
1237 4870 1388 4926 retulimus
1404 4883 1429 4932 p.
1444 4871 1483 4917 dl.

596 4941 629 4997 (t)
642 4942 722 4991 Anno
745 4943 791 4990 699
805 4943 845 5002 (55
861 4941 1013 5002 entolina),
1024 4943 1055 4989 ut
1067 4940 1185 4990 maxima
1198 4940 1339 5003 probabile
1354 4939 1467 4989 videtur.
