4467 6167
1063 829 1191 950 -rn
1218 919 1258 930 -

596 1059 668 1122 tam
694 1023 861 1129 vidim'us,
893 1048 978 1117 adeo
998 1006 1114 1116 fautor
1134 1047 1208 1135 ipse
1238 1046 1315 1129 fuit,
1342 1053 1380 1114 ut
1400 1046 1549 1115 aliarum
1572 1046 1719 1113 familia-

597 1181 679 1225 rum
698 1158 912 1238 defensores,
940 1178 1027 1245 quos
1047 1156 1081 1221 in
1105 1155 1177 1222 suis
1197 1152 1298 1220 libris
1317 1153 1466 1234 induxit,
1491 1154 1533 1221 ab
1556 1155 1718 1221 oratoriis
1819 1235 1825 1244 ἱ

599 1263 792 1333 virtutibus
813 1249 1036 1346 excluderet3
1064 1263 1122 1329 sed
1146 1268 1313 1351 tanquam
1334 1246 1524 1351 Epicureae
1544 1260 1720 1328 doctrinae

601 1378 765 1462 patronos
780 1394 839 1438 eos
855 1368 1004 1451 induxit,
1023 1391 1173 1459 quorum
1197 1369 1390 1435 orationem
1407 1396 1421 1429 o
1451 1391 1519 1435 non
1539 1370 1721 1435 sententiis

602 1478 719 1545 solum
736 1478 886 1566 copiose,
909 1475 966 1543 sed
987 1474 1115 1543 verbis
1139 1476 1244 1543 etiam
1268 1476 1425 1542 ornatius
1448 1476 1530 1565 »(1)
1552 1475 1718 1565 explicari

597 1586 738 1669 faceret,
755 1606 861 1667 quam
891 1582 982 1672 quod
998 1580 1040 1649 ab
1069 1581 1135 1649 hac
1162 1581 1346 1671 disciplina
1361 1582 1554 1671 exspectari
1576 1587 1691 1671 posset
1709 1604 1717 1661 ς

601 1693 728 1759 stoicas
745 1712 826 1759 vero
847 1697 961 1780 partes
987 1711 1078 1760 nunc
1098 1690 1150 1755 itti
1166 1689 1284 1756 Catoni
1302 1688 1481 1769 mandavit
1497 1689 1559 1780 (2),
1581 1691 1638 1757 661
1657 1690 1719 1757 661

598 1800 689 1865 inter
715 1798 848 1865 Stoicos
877 1807 1031 1864 oratores
1055 1819 1232 1865 summam
1257 1795 1394 1863 dicendi
1425 1796 1563 1864 laudem
1591 1796 1720 1874 tribue-

597 1906 657 1973 bat
671 1905 734 1994 (3),
756 1926 850 1971 nunc
868 1904 907 1984 Q.
921 1903 1055 1971 Lucilio
1076 1903 1196 1985 Balbo,
1212 1904 1284 1993 qui,
1303 1925 1505 1994 quanquam
1522 1903 1563 1971 ab
1582 1910 1720 1972 oratore

598 2013 657 2079 vel
675 2010 842 2079 mediocri
860 2010 1069 2078 «verberari
1091 2039 1107 2073 »
1127 2033 1227 2101 posse
1239 2050 1282 2059 —
1299 2017 1339 2078 ut
1354 2010 1492 2097 Stoicus
1505 2051 1547 2060 —
1562 2012 1598 2077 in
1617 2012 1719 2079 tertio

597 2120 636 2186 de
667 2120 810 2186 Oratore
834 2117 923 2184 libro
944 2141 963 2184 a
989 2118 1112 2186 Crasso
1138 2117 1266 2185 dicitur
1283 2117 1344 2208 (1),
1366 2124 1484 2186 tamen
1505 2119 1542 2185 in
1568 2116 1719 2186 secundo

605 2229 646 2293 de
679 2229 815 2294 Natura
845 2225 986 2292 deorum
1017 2247 1097 2292 cum
1135 2226 1400 2306 sententiarum,
1437 2248 1523 2314 quas
1557 2225 1719 2315 explicat,

602 2333 865 2422 magnificentia
884 2333 1075 2399 orationem
1104 2354 1202 2399 suam
1224 2332 1272 2398 ita
1291 2330 1485 2421 adaequare
1499 2331 1637 2399 videtur
1658 2332 1719 2423 (6),

602 2448 640 2506 61
668 2462 710 2507 ne
735 2462 754 2505 a
778 2438 874 2505 Cotta
898 2436 1039 2526 quidem
1072 2437 1301 2523 Carneadiam
1321 2461 1507 2529 personam
1526 2445 1650 2525 agente
1673 2440 1720 2526 (6)

518 2635 520 2638 ¹
598 2545 737 2614 dicendi
756 2546 856 2632 copia
874 2545 1047 2612 vincatur.

642 2654 683 2719 In
717 2652 779 2718 hac
819 2643 926 2740 igitur
957 2649 1194 2718 doctrinarum
1233 2652 1453 2719 contentione
1486 2674 1718 2742 unaquaeque

601 2782 704 2827 sunm
732 2789 745 2818 «
778 2767 965 2847 patronum
999 2784 1014 2818 »
1042 2756 1159 2831 habet.
1190 2758 1250 2847 qui
1278 2755 1352 2847 ejus
1385 2764 1550 2847 tanquam
1582 2788 1596 2821 (1
1618 2758 1721 2825 clien-

601 2868 643 2934 tis
664 2866 713 2955 (Ί)
732 2895 747 2927 »
770 2886 912 2932 causam
932 2862 1028 2932 dicit.
1044 2864 1100 2930 Fit
1124 2865 1230 2931 etiam
1252 2863 1444 2947 interdum,
1460 2872 1499 2932 ut
1528 2871 1587 2932 aot
1607 2872 1721 2956 patro-

604 2997 669 3041 nus
694 2977 890 3062 susceptam
914 2993 1055 3039 causam
1085 2971 1177 3039 ultra
1201 2970 1376 3050 defendat,
1401 2994 1505 3061 quam
1529 2971 1621 3062 quod
1646 2974 1721 3061 ipse

605 3082 733 3147 sentiro
762 3102 797 3146 se
818 3085 937 3168 postea
956 3079 1084 3145 fatetur
1109 3078 1213 3167 (sicut
1240 3078 1392 3158 Quintus
1420 3080 1528 3158 nostri
1547 3079 1592 3146 M.
1615 3078 1721 3146 Tullii

602 3188 710 3255 frater
738 3188 772 3252 in
805 3184 1009 3275 explicanda
1037 3186 1145 3252 stoica
1174 3212 1189 3246 6
1221 3183 1262 3251 de
1288 3185 1512 3253 Divinatione
1546 3214 1562 3247 6
1584 3192 1721 3253 senten-

599 3294 664 3382 tia)
686 3294 748 3381 (8),
776 3299 835 3360 aut
860 3292 969 3360 invito
1002 3297 1147 3382 patrono
1168 3314 1208 3359 ea
1226 3314 1345 3373 causa,
1367 3314 1473 3382 quam
1506 3315 1542 3359 se
1574 3291 1719 3382 probare

601 3400 745 3467 omniuo
774 3405 890 3487 neget,
919 3397 1136 3466 defendenda
1162 3397 1352 3482 deferatur,
1382 3399 1472 3466 sicut
1504 3399 1543 3467 L.
1572 3400 1717 3467 Furium

603 3505 758 3579 Philum,
792 3534 807 3567 «
842 3507 986 3573 unicum
1015 3494 1178 3595 antiquae
1210 3504 1392 3595 probitatis
1424 3512 1456 3574 et
1487 3507 1567 3573 fidei
1604 3527 1720 3573 exem-

599 3614 698 3703 plum
719 3642 749 3690 »,
772 3618 892 3680 contra
903 3612 1077 3702 justitiam
1098 3612 1297 3680 Carneadiis
1317 3615 1533 3702 argumentis
1547 3612 1720 3681 dicentem

599 3722 636 3788 in
653 3721 756 3788 tertio
772 3719 813 3786 de
827 3719 1010 3809 Republica
1025 3718 1115 3787 libro
1137 3718 1296 3788 videmus
1316 3721 1376 3807 (9).
1394 3720 1552 3809 Cumque
1573 3720 1614 3788 ad
1629 3722 1719 3788 hano

631 3957 663 4018 (1)
679 3956 718 4008 Gt.
731 3958 770 4006 De
786 3957 851 4007 Nat.
876 3957 995 4015 deorum,
1012 3956 1032 4015 1,
1050 3958 1080 4005 68
1096 3956 1146 4020 (sic
1158 3956 1263 4007 Cottam
1276 3955 1417 4007 develleio
1445 3955 1601 4020 loquentem
1629 3958 1719 4009 Cicero

599 4026 673 4077 fecit.

633 4101 666 4161 (2)
685 4100 716 4148 16
731 4100 809 4148 tertio
820 4100 858 4148 De
868 4099 954 4148 Finit.
966 4098 1046 4148 libro.

633 4171 670 4233 (3)
686 4170 891 4230 (11.Βι·61.,118;
911 4171 1010 4219 Parad.
1027 4171 1146 4219 Prooem.
1166 4169 1273 4233 (quihus
1289 4168 1321 4218 de
1334 4168 1403 4219 locis
1419 4169 1453 4219 cf.
1471 4183 1552 4233 snpra
1572 4186 1597 4235 p.
1611 4174 1650 4231 19,
1665 4174 1715 4232 63).

633 4243 716 4304 (6116
744 4241 786 4291 Or.
805 4241 949 4300 111,78;61
971 4255 1052 4304 supra
1067 4256 1093 4304 p.
1110 4242 1164 4289 116.
1338 4243 1339 4246 ’

633 4314 665 4375 (5)
680 4314 840 4361 Praesertim
853 4313 917 4363 dum
933 4313 1053 4375 loquitur
1068 4311 1099 4360 de
1108 4312 1278 4375 providentio
1296 4311 1409 4361 deorum
1423 4311 1495 4376 (cap.
1511 4315 1596 4373 38-18,
1606 4316 1710 4374 59-66),

600 4384 761 4447 Quanquam
784 4384 896 4445 Balbus,
916 4385 947 4444 11,
964 4386 1017 4442 141,
1036 4384 1089 4432 sihi
1104 4383 1136 4433 de
1150 4384 1193 4432 his
1221 4384 1301 4433 rebus
1319 4384 1469 4447 disputanti
1483 4384 1575 4434 Cottae
1590 4384 1719 4449 eloquen-

600 4456 665 4504 tiam
676 4455 734 4504 dari
742 4469 770 4504 se
783 4456 849 4504 vene
863 4456 908 4505 ait:
921 4456 1010 4518 ipsum
1021 4457 1092 4504 certe
1102 4455 1217 4504 Balbum
1228 4456 1278 4504 hac
1289 4455 1411 4505 libertate
1423 4456 1539 4505 oratorie
1552 4472 1564 4503 6
1575 4456 1693 4520 vagandi
1708 4475 1718 4501 6

599 4530 721 4575 utentem
735 4527 825 4575 Cicero
840 4527 915 4587 iacit,
928 4540 1010 4590 qnam
1024 4527 1053 4575 in
1067 4527 1138 4575 Tine.
1155 4528 1190 4574 111
1205 4527 1253 4589 (11,
1272 4528 1320 4587 281,
1338 4527 1491 4576 Stoicorum
1505 4526 1656 4577 disserendi
1676 4541 1722 4575 an·

599 4596 828 4660 gustiisopponit.
1259 4630 1261 4633 >
1327 4633 1331 4639 .
1582 4637 1583 4640 ¹

630 4668 664 4728 (6)
680 4668 766 4730 Atque
780 4669 808 4716 in
821 4668 933 4716 artificio
944 4666 1127 4731 amplificandi
1138 4682 1153 4716 a
1166 4681 1215 4716 sna
1228 4667 1371 4732 disciplina
1384 4669 1539 4718 exercitato.
1553 4667 1601 4731 (Cf.
1614 4669 1720 4718 DeNut.

600 4737 671 4786 deor.
688 4739 718 4796 11,
736 4740 800 4800 168.)
1680 4753 1682 4758 ’

633 4810 666 4870 (t)
683 4810 759 4858 Sicut
775 4811 902 4860 Crassum
913 4809 1047 4860 dicentem
1063 4812 1226 4871 invenimus,
1238 4812 1276 4860 De
1295 4812 1380 4873 Orat,
1397 4812 1416 4870 l,
1432 4812 1470 4861 51.

629 4883 662 4940 (8)
677 4880 808 4939 Quintum
818 4881 938 4938 nitram,
956 4881 1026 4945 quod
1043 4883 1165 4940 sentiret,
1181 4884 1297 4933 stoicam
1311 4884 1477 4932 sententiam
1498 4881 1651 4932 defendisse
1667 4896 1713 4947 ap-

600 4954 677 5016 paret
695 4966 727 5001 ex
743 4953 775 5000 iis
787 4967 856 5015 quae
871 4953 998 5002 dicuntur
1012 4955 1040 5002 in
1053 4954 1100 5003 lib.
1112 4956 1146 5002 de
1156 4955 1333 5013 Divinatione,
1349 4955 1380 5006 11.
1397 4956 1508 5003 too-101.

632 5023 666 5085 (8)
685 5022 723 5072 Cf.
735 5024 772 5072 De
786 5023 897 5089 Repudl.
907 5025 952 5086 111,
967 5026 980 5073 8
991 5039 1050 5088 sqq.
