4467 6167
996 816 1193 884 -toa-

527 991 582 1073 sit,
601 991 673 1058 sive
684 989 726 1056 ad
736 988 890 1078 aliquam
904 989 1012 1055 animi
1025 989 1078 1055 sui
1090 995 1223 1078 partem
1240 990 1411 1078 pertinere
1424 990 1546 1058 debeat
1558 991 1603 1077 (1)
1616 1015 1646 1059 a.

526 1098 567 1165 ln
577 1097 651 1187 ejus
671 1102 763 1162 certe
776 1094 991 1162 orationibus
1002 1116 1183 1184 nunqnam
1197 1094 1429 1162 introductam
1450 1097 1649 1164 invenimus

527 1227 604 1273 eam
620 1204 801 1287 rationem,
826 1224 894 1291 qua
904 1206 1060 1267 utentem
1075 1202 1271 1291 Scipionem
1293 1208 1388 1270 sexto
1410 1202 1451 1269 de
1467 1204 1649 1293 Republica

527 1312 615 1378 libro
632 1311 712 1377 lecit
726 1310 1021 1376 demonstrantem
1039 1337 1053 1369 «
1077 1309 1217 1397 quantis
1231 1310 1265 1374 in
1279 1311 1452 1399 angustiis
1464 1312 1648 1379 hominum

526 1420 640 1508 gloria
655 1416 836 1485 sedilatari
872 1414 974 1482 vellet
1004 1443 1032 1488 1.
1055 1422 1160 1504 atque
1173 1417 1208 1482 in
1239 1444 1254 1477 r
1285 1417 1428 1484 delinito
1454 1419 1540 1486 caeli
1560 1418 1647 1503 loc0‚

527 1525 587 1592 ubi
635 1525 724 1591 beati
760 1523 971 1611 sempiterno
1014 1544 1098 1589 aevo
1137 1522 1280 1590 fruituri
1306 1524 1374 1590 sint
1422 1552 1435 1584 a
1459 1522 1518 1613 (2),
1551 1548 1647 1614 spem
1706 1514 1710 1520 ’

528 1632 691 1699 humanis
723 1630 885 1719 praemiis
937 1629 1095 1695 altiorem
1147 1630 1283 1719 magnis
1323 1631 1648 1722 praestantibusque

526 1740 613 1806 viris
648 1744 898 1828 proponentem
923 1734 970 1824 (3)
1001 1742 1065 1805 :at
1095 1744 1215 1803 contra
1250 1744 1390 1827 propter
1432 1737 1496 1806 hoc
1516 1740 1645 1828 ipsum,

528 1845 620 1936 quod
634 1854 652 1903 'n
666 1846 841 1933 optimum
855 1864 1029 1930 quemque
1058 1844 1209 1909 maxime
1224 1844 1336 1930 gloria
1367 1846 1445 1911 duci
1463 1874 1477 1906 »1
1498 1846 1545 1935 (1)
1568 1832 1648 1936 pross

527 1952 653 2033 litetur,
676 1950 1076 2038 idcircopotinsopinari
1095 1949 1246 2027 videtur,
1271 1976 1287 2014 0
1318 1951 1471 2041 aliquem
1505 1975 1646 2020 sensum

528 2060 650 2125 esseio
670 2063 780 2124 morte
796 2056 1053 2145 praeclarorum
1071 2056 1228 2123 virorum
1244 2056 1292 2147 (5)
1306 2082 1335 2140 1,
1355 2081 1423 2147 quo
1437 2059 1499 2126 hac
1513 2060 1645 2148 gloriae

527 2164 685 2231 mercede
700 2186 739 2230 ac
753 2162 980 2229 delectatione
996 2163 1030 2227 in
1048 2170 1255 2252 perpetuum
1272 2164 1338 2252 ipsi
1351 2164 1418 2230 frui
1436 2164 1643 2256 possint(b):

527 2271 614 2338 hanc
636 2272 729 2337 enim
745 2271 916 2337 rationem
947 2270 981 2334 in
998 2270 1155 2336 oratione
1172 2292 1236 2359 pro
1254 2272 1290 2337 C.
1308 2270 1445 2337 Rabirio
1462 2271 1510 2360 (1)
1527 2270 1646 2339 habita

529 2379 577 2444 sic
593 2379 767 2468 expressit
784 2397 791 2443 :

563 2562 576 2589 «
600 2542 701 2611 Neque
722 2542 883 2611 quisquam
903 2546 1039 2595 nostrum
1055 2541 1085 2595 in
1101 2540 1283 2610 reipublicae
1299 2527 1439 2612 periculis
1460 2559 1528 2597 cum
1557 2542 1646 2599 laude

528 2646 561 2685 ac
575 2631 680 2686 virtute
700 2636 845 2698 versatur,
862 2631 934 2701 quin
950 2647 1001 2701 spe
1013 2630 1195 2700 posteritatis
1210 2630 1368 2701 fructuque
1385 2632 1529 2687 ducatur:
1546 2633 1645 2704 itaque

529 2736 595 2775 cum
614 2722 715 2776 multis
726 2722 792 2777 aliis
805 2723 841 2777 de
858 2722 955 2776 causis
970 2723 1103 2776 virorum
1119 2723 1267 2776 bonorum
1288 2726 1404 2775 mentes
1428 2721 1544 2776 divinae
1574 2722 1646 2777 mihi

528 2815 617 2880 atque
630 2817 769 2867 aeternae
784 2812 924 2866 videntur
946 2828 1021 2876 esse,
1037 2816 1101 2864 tum
1117 2811 1245 2865 maxime
1262 2811 1341 2879 quod
1363 2810 1466 2880 optimi
1483 2816 1511 2865 01
1526 2812 1646 2881 sapien-

527 2900 633 2955 tissimi
661 2902 808 2972 cnjusque
836 2902 955 2956 animus
970 2900 1010 2954 ita
1032 2900 1198 2969 praesentit
1221 2900 1249 2953 in
1273 2904 1435 2969 posterum,
1452 2905 1484 2954 ut
1499 2900 1573 2954 nihil
1586 2900 1645 2956 nisi

528 2990 744 3058 sempiternum
754 2994 887 3059 spectare
902 2990 1046 3044 videatur.
1063 3010 1077 3037 »
1430 2979 1433 2983 ’

572 3154 751 3233 Quatenus
766 3159 883 3220 autem
893 3153 974 3220 talia
983 3152 1126 3242 adipsas
1141 3152 1431 3243 philosophorum
1450 3153 1615 3221 «scholas
1630 3183 1642 3215 1

527 3261 752 3349 pertinerent,
768 3283 810 3327 ex
825 3260 896 3339 illa,
915 3283 1018 3349 quam
1043 3260 1145 3327 modo
1162 3260 1324 3342 diximus,
1344 3260 1529 3326 Tusculana
1549 3261 1647 3328 intel·

527 3367 634 3457 ligere
653 3368 745 3451 licet,
767 3369 839 3446 ubi,
864 3369 1293 3458 postquamcommuniter
1305 3368 1455 3457 positum
1470 3375 1534 3448 001,
1558 3396 1572 3427 «
1590 3391 1649 3435 na·

526 3480 640 3542 turam
653 3475 764 3565 ipsam
783 3476 824 3543 de
841 3476 1102 3543 immortalitate
1118 3478 1315 3564 animorum
1326 3476 1464 3542 tacitam
1477 3474 1646 3564 judicare

528 3582 619 3671 quod
635 3583 911 3651 omnibuscurae
937 3585 1008 3650 sint
1023 3599 1057 3651 et
1077 3584 1249 3650 maximae
1284 3583 1438 3672 quidem,
1466 3606 1554 3672 quae
1571 3591 1648 3673 post

527 3697 674 3757 mortem
691 3691 808 3758 futura
823 3692 933 3773 sint»,
954 3698 1028 3758 tum
1051 3713 1110 3780 per
1144 3690 1300 3758 eamdem
1337 3719 1352 3751 «
1389 3691 1646 3780 praeclarorum

526 3798 684 3865 virorum
712 3829 725 3858 a
747 3797 969 3866 selectionem
987 3805 1127 3887 propter
1149 3798 1198 3864 eis
1219 3798 1363 3863 insitum
1385 3797 1516 3886 gloriae
1553 3820 1648 3865 amo·

526 3926 600 4004 rem
621 3904 670 3992 (8)
685 3903 751 3972 hoc
769 3912 1017 3994 argumentum
1033 3906 1082 3972 sic
1097 3904 1335 3972 concluditur:

557 4119 590 4181 (1)
605 4121 634 4168 Ρ.
655 4118 763 4178 brebia,
780 4118 861 4169 311-
877 4122 982 4171 Similia
994 4123 1048 4172 1010
1063 4124 1197 4183 invenias
1218 4125 1254 4173 Re
1269 4123 1373 4174 Seneet.
1393 4126 1433 4174 86.

558 4192 590 4252 (2)
607 4193 634 4239 01
649 4192 681 4252 (3)
693 4192 731 4239 De
745 4192 855 4256 Republ.
870 4194 913 4251 Vl,
930 4197 958 4241 13
971 4208 977 4253 ;
995 4221 1024 4230 -
1040 4196 1123 4243 20-25.

559 4264 590 4324 (1)
609 4260 647 4311 Cf.
661 4264 690 4309 P.
706 4263 815 4322 Archia,
832 4266 870 4313 26.
888 4292 915 4299 -
934 4266 961 4313 P.
981 4266 1007 4315 C.
1021 4265 1138 4325 Rabirio,
1155 4269 1193 4316 29.

558 4333 590 4395 (5)
608 4333 650 4382 Sic
665 4333 785 4396 loquitur
799 4336 827 4383 in
842 4338 909 4384 0101.
923 4338 952 4383 Ρ.
969 4336 1063 4393 Sestio,
1080 4339 1133 4387 131.
1149 4337 1186 4385 Cl.
1200 4339 1229 4387 P.
1242 4338 1353 4400 Scauro,
1367 4342 1407 4390 50.

557 4405 589 4466 (6)
605 4406 672 4454 Cum
696 4408 790 4455 contra
815 4409 891 4455 00110
909 4408 943 4455 00
963 4408 1071 4472 Repabt.
1089 4409 1157 4458 libro
1172 4425 1219 4474 per
1240 4410 1341 4473 gloriae
1365 4414 1555 4476 contemptum
1578 4414 1647 4463 01111·

526 4476 641 4526 mandae
655 4478 810 4527 animorum
824 4479 1037 4529 immortalitatis
1054 4481 1123 4529 ratio
1138 4481 1323 4532 concludatur.

558 4548 590 4609 (1)
606 4549 656 4596 Pro
675 4549 701 4599 C.
718 4549 834 4609 Rabirio,
850 4553 892 4600 29.

557 4620 593 4681 (8)
611 4619 715 4669 1110001.
729 4622 748 4680 l,
761 4635 819 4685 cap.
838 4625 912 4670 itt-rc.
928 4649 959 4658 -
974 4623 1109 4684 Similiter,
1123 4624 1174 4673 etsi
1190 4625 1281 4674 atinus
1294 4625 1444 4686 enucleate,
1462 4627 1604 4676 disseritur
1618 4627 1646 4675 in

526 4689 633 4753 dialogo
651 4692 687 4740 De
712 4691 863 4753 Senectute,
877 4696 915 4743 82.
937 4695 1016 4743 —De
1038 4696 1089 4744 hoc
1110 4696 1212 4758 gloriae
1234 4710 1326 4745 amore
1343 4698 1371 4746 in
1393 4698 1444 4747 hac
1457 4698 1517 4761 ipsa
1542 4697 1645 4746 Tuseal.

527 4762 557 4823 (1,
571 4764 608 4824 34)
625 4762 735 4812 easdem
748 4765 897 4814 sententias
909 4767 1003 4814 noster
1017 4770 1112 4816 auctor
1125 4769 1231 4831 repetit.
1242 4782 1308 4831 quas
1324 4769 1429 4818 1110101.
1443 4771 1471 4818 P.
1481 4768 1583 4818 Arabia
1598 4770 1645 4831 (26)

526 4834 565 4882 sic
583 4837 774 4897 expresserat:
797 4836 967 4886 «trahimur
995 4852 1090 4887 omnes
1114 4839 1203 4888 studio
1225 4839 1322 4900 laudis,
1338 4843 1364 4889 et
1386 4840 1506 4903 optimus
1531 4840 1645 4904 quisque

525 4905 643 4955 maxime
655 4906 742 4967 gloria
763 4906 870 4956 ducitur
886 4924 891 4955 :
907 4908 961 4971 ipsi
977 4907 1016 4956 illi
1030 4910 1192 4973 philosophi
1208 4910 1291 4960 etiam
1307 4912 1335 4959 in
1350 4912 1384 4960 iis
1406 4911 1514 4973 libellis,
1531 4926 1598 4975 quos
1614 4911 1645 4961 de

523 4977 723 5027 contemnenda
740 4978 830 5041 gloria
845 4979 976 5041 scribunt,
994 4994 1095 5029 nomen
1111 4996 1192 5031 suum
1205 4983 1399 5042 inscribunt...
1410 4985 1462 5032 010.
1479 5002 1490 5026 a
