4467 6167
1032 826 1209 892 „89-

567 994 603 1050 de
619 994 786 1064 triumpho:
803 994 902 1060 (Quid
918 996 1039 1050 tandem
1054 996 1144 1050 habet
1156 996 1210 1051 iste
1222 1012 1337 1060 currus,
1351 994 1422 1066 quid
1434 994 1526 1049 vincti
1537 998 1606 1049 ante
1620 1010 1686 1048 cur-

567 1098 634 1138 rum
650 1081 751 1150 duceS,
761 1082 833 1152 quid
843 1082 1005 1154 simulacra
1017 1084 1203 1156 oppidorum,
1216 1084 1288 1154 quid
1303 1100 1420 1149 aurum,
1432 1083 1503 1153 quid
1516 1088 1684 1153 argentum,

568 1172 639 1242 quid
652 1172 738 1243 legati
752 1172 783 1226 in
799 1172 884 1242 equis
897 1177 927 1227 et
940 1172 1064 1238 tribuni,
1086 1174 1158 1244 quid
1173 1172 1286 1229 clamor
1299 1172 1438 1237 militum,
1456 1172 1527 1243 quid
1553 1176 1614 1226 tota
1635 1171 1687 1227 illa

568 1260 695 1332 pompa?
708 1261 811 1315 luania
822 1266 892 1315 sunt
905 1262 970 1327 ista,
988 1262 1058 1315 mihi
1072 1263 1169 1321 crede,
1182 1262 1398 1317 delectamenta
1408 1275 1501 1332 paene
1512 1277 1685 1332 puerorum,

568 1357 685 1420 captare
711 1348 843 1419 plausus,
872 1350 938 1404 vehi
965 1368 1019 1422 per
1034 1352 1150 1417 urbem,
1167 1352 1299 1423 conspici
1317 1351 1401 1407 velle.
1418 1352 1530 1417 Quibus
1546 1368 1582 1405 ex
1597 1352 1686 1406 rebus

568 1436 642 1491 nihil
654 1443 707 1506 est,
720 1439 799 1508 quod
813 1438 942 1494 solidum
954 1445 1066 1505 tenere,
1081 1442 1155 1495 nibil
1170 1442 1246 1512 quod
1259 1445 1365 1510 referre
1380 1442 1417 1496 ad
1442 1441 1612 1509 uoluptatem
1627 1457 1686 1494 cor-

564 1529 741 1597 portspossis
764 1526 836 1598 (1)...
857 1549 868 1577 ι

613 1701 681 1767 Nec
691 1701 807 1767 minus
821 1701 930 1770 facete
944 1700 1037 1769 idem
1050 1703 1191 1782 Piso,-
1202 1703 1448 1790 interrogatus,
1458 1725 1519 1770 cur
1534 1703 1568 1769 in
1586 1702 1687 1769 ludos

568 1808 706 1896 prodire
720 1829 789 1874 non
806 1808 943 1887 audeat,
972 1849 1011 1857 -
1038 1831 1099 1897 per
1116 1810 1213 1898 ipsas
1229 1831 1374 1875 suorum
1395 1809 1687 1899 philosophorum

568 1938 584 1977 a
610 1913 746 1981 scholas
770 1938 785 1979 1
808 1915 910 2003 paulo
926 1916 1017 1982 infra
1034 1915 1238 1982 deridetur:

603 2094 617 2119 α
638 2074 753 2127 instant
762 2075 828 2141 post
838 2070 994 2124 hominum
1010 2072 1185 2126 memoriam
1200 2072 1419 2143 apparatissimi
1434 2073 1688 2144 magnificentissi-

493 2192 495 2195 -
567 2160 666 2230 mique
687 2160 763 2222 ludi,
779 2159 880 2229 quales
901 2175 961 2213 non
982 2159 1070 2213 modo
1089 2176 1241 2230 nunquam
1258 2160 1389 2225 luerunt,
1407 2161 1508 2215 sedne
1525 2177 1582 2230 quo
1599 2161 1687 2215 modo

566 2249 630 2304 fieri
655 2249 775 2319 quidem
805 2247 928 2317 posthac
956 2248 1080 2318 possint,
1105 2265 1228 2319 possum
1255 2249 1315 2304 ullo
1331 2255 1416 2321 pacto
1432 2249 1588 2319 suspicari.
1603 2251 1643 2304 Da
1659 2253 1686 2302 te

566 2338 688 2408 popul0,
703 2338 854 2392 committe
876 2336 955 2390 ludis
976 2341 1023 2405 (2).
1041 2337 1164 2392 Sibilum
1187 2338 1313 2392 metuis?
1329 2340 1381 2393 Ubi
1396 2344 1466 2393 sunt
1476 2343 1588 2393 vestrae
1605 2339 1687 2392 scho-

565 2426 687 2482 laetNe
713 2427 895 2481 acclametur
923 2425 1028 2480 times?
1049 2428 1089 2481 Ne
1117 2427 1147 2481 id
1175 2428 1296 2498 quidem
1321 2434 1365 2482 est
1388 2444 1494 2483 curare
1510 2427 1685 2497 philosophi.

566 2518 668 2569 Manus
684 2516 738 2569 tibi
750 2531 787 2569 ne
800 2514 981 2569 afferantur?
993 2517 1077 2570 Dolor
1090 2519 1163 2570 enim
1177 2523 1217 2571 est
1232 2519 1346 2582 molum,
1359 2522 1392 2571 ut
1403 2522 1435 2571 tu
1448 2517 1595 2587 disputas;
1612 2517 1687 2570 exis-

566 2605 689 2670 timatio,
704 2605 843 2659 dedecus,
856 2603 989 2667 iufamia,
1006 2604 1171 2686 turpitudo,
1187 2607 1275 2660 verba
1288 2612 1376 2677 atque
1393 2607 1520 2677 ineptiae
1535 2606 1606 2677 (3)...
1624 2626 1637 2657 u

615 2762 707 2828 llaec
734 2769 766 2827 et
806 2760 889 2828 talia
918 2760 1080 2828 videlicet
1105 2769 1270 2843 eaerant,
1294 2784 1482 2851 quaecum
1505 2763 1539 2828 in
1565 2768 1688 2830 senatu

565 2875 685 2934 noster
714 2873 830 2934 orator
851 2868 1029 2956 proferret.
1052 2877 1128 2934 tum
1151 2867 1388 2957 profitebatur,
1412 2893 1447 2936 se
1465 2894 1481 2934 1(
1511 2892 1579 2936 non
1593 2869 1684 2957 apud

568 2973 736 3053 indoctos,
761 2974 820 3041 sed
847 2976 881 3039 in
903 2975 1088 3041 hominum
1110 2974 1432 3042 eruditissimorum
1453 2981 1486 3040 et
1506 2974 1686 3041 humanis-

563 3082 735 3147 simorum
748 3088 848 3148 coetu
864 3082 960 3171 loqui
980 3107 995 3146 1)
1009 3088 1016 3163 t
1024 3082 1057 3170 l)
1081 3102 1088 3159 ;
1120 3081 1204 3147 haec
1219 3089 1252 3148 et
1269 3082 1352 3148 talia
1370 3082 1519 3148 maxime
1533 3081 1583 3146 illi
1599 3082 1686 3147 assi-

565 3188 633 3254 duo
651 3216 665 3245 u
694 3210 806 3276 neque
824 3210 978 3277 unquam
999 3188 1230 3255 intermisso)
1250 3190 1295 3276 (5)
1313 3186 1555 3278 philosophiae
1572 3187 1688 3253 studio

565 3294 773 3383 respondere
793 3294 968 3368 videnlur,
997 3296 1088 3383 quod
1114 3317 1175 3384 per
1195 3297 1368 3363 orationes
1389 3317 1469 3361 suas
1492 3317 1508 3359 (1
1531 3294 1684 3383 philoso-

567 3401 717 3490 phorum
743 3403 923 3468 sententiis
940 3402 1084 3469 refertas
1110 3401 1158 3491 (6)
1184 3402 1385 3469 »declarari
1405 3402 1447 3467 M.
1463 3400 1597 3466 Tullius
1615 3402 1688 3489 ipse

568 3508 744 3597 professus
761 3514 823 3574 est.

1113 3808 1135 3861 ll

617 4022 655 4085 llt
689 4018 843 4107 quidem,
881 4040 1083 4107 quanquam
1117 4017 1159 4085 de
1197 4019 1388 4107 superioris
1423 4021 1545 4086 aetatis
1575 4026 1689 4086 orato-

566 4124 662 4192 ribus
679 4133 819 4214 propter
835 4126 1047 4214 paucitatem
1064 4126 1353 4213 fragmentorum,
1373 4148 1461 4215 quae
1481 4125 1521 4192 de
1534 4127 1576 4192 iis
1589 4125 1689 4192 nohis

597 4327 629 4389 (1)
646 4327 677 4374 ln
692 4327 821 4383 Pisonem,
851 4325 935 4373 59-60.
952 4326 1088 4387 -Neque
1117 4324 1150 4374 ad
1178 4337 1237 4373 rom
1260 4326 1383 4373 nostram
1405 4323 1494 4381 refert,
1510 4324 1539 4371 in
1565 4322 1685 4373 secunda

566 4398 710 4447 «schola»
731 4410 825 4445 eorum
853 4408 921 4457 quae
943 4386 1099 4449 retulimus,
1119 4397 1240 4444 extrema
1262 4394 1345 4443 verba
1361 4394 1468 4457 proprie
1485 4394 1615 4457 Epicurea
1631 4394 1689 4442 sola

564 4485 622 4519 esse
635 4473 707 4526 (nam
722 4472 811 4517 cetera
826 4469 887 4516 aliis
903 4469 986 4516 etiam
1002 4466 1173 4531 philosophis
1188 4466 1295 4529 probari
1311 4464 1365 4514 lere
1381 4468 1515 4528 poterant.

596 4545 629 4603 (2)
644 4543 679 4591 De
696 4561 706 4583 «
726 4540 852 4588 ludorum
867 4552 997 4587 consessu
1017 4540 1135 4587 »noster
1154 4540 1244 4586 orator
1261 4538 1289 4584 in
1304 4538 1371 4585 orat.
1395 4538 1422 4584 P.
1441 4536 1525 4584 Sestio
1544 4536 1607 4597 (106,
1630 4535 1689 4583 lla-

528 4622 530 4626 ’
564 4616 616 4674 lli)
633 4612 750 4670 disserit,
765 4614 896 4672 tanquam
911 4610 942 4658 de
958 4623 1012 4658 uno
1025 4623 1057 4657 cx
1077 4610 1159 4658 trium
1174 4608 1305 4665 locorum,
1321 4607 1368 4655 ubi
1378 4627 1389 4650 «
1404 4607 1553 4670 significari
1569 4607 1688 4655 maxime

565 4684 597 4733 de
611 4683 751 4747 republica
778 4681 871 4746 populi
893 4681 1001 4730 romani
1022 4680 1156 4741 judicium
1172 4694 1202 4729 ac
1219 4679 1345 4728 voluntas
1362 4680 1475 4742 possit»
1493 4677 1558 4738 (duo
1575 4675 1629 4726 alia
1647 4676 1688 4724 di-

565 4758 663 4804 cuntur
680 4768 740 4803 esse
757 4772 762 4801 ε
779 4754 873 4802 concio
890 4756 916 4801 et
931 4751 1061 4811 comitia).

595 4828 630 4887 (3)
644 4825 813 4879 ΙηΡίεο1ιι·1η,
828 4826 866 4872 65.

598 4899 630 4958 (1)
646 4895 724 4953 lbid.‚
740 4899 770 4945 68

597 4969 629 5031 (5)
641 4970 668 5017 et
682 4969 714 5030 (6)
727 4967 764 5017 Cl.
783 4968 869 5024 Brut,
881 4968 926 5014 315
936 4980 942 5026 ;
954 4966 991 5013 De
1007 4968 1109 5013 natura
1127 4965 1250 5023 deorum,
1264 4965 1282 5023 l,
1298 4966 1320 5011 6.
