4467 6167
920 816 1114 886 —til-.

455 983 653 1064 iterantem,
675 985 767 1074 qnod
796 985 826 1052 is
850 987 962 1075 primo
987 986 1061 1074 jam
1077 986 1286 1068 declarabat,
1313 1011 1349 1054 se
1378 1011 1418 1056 ea
1445 988 1572 1068 studia,

457 1113 577 1181 cquae
593 1092 666 1181 ipse
695 1114 765 1159 non
781 1093 952 1183 attigisset
968 1092 1015 1183 (1)
1037 1118 1068 1171 a,
1096 1094 1131 1158 in
1149 1098 1297 1174 oratore,
1318 1122 1333 1155 e
1354 1117 1492 1162 summo
1508 1095 1574 1162 sci-

454 1198 536 1265 licet
551 1224 582 1278 a,
605 1199 784 1287 requirere
806 1200 865 1289 (2).

498 1308 612 1397 Atque
628 1308 792 1379 extremis
806 1306 946 1396 quidem
968 1307 1071 1398 hujus
1091 1309 1264 1375 sermonis
1281 1308 1396 1376 verbis
1415 1308 1570 1374 Horten-

455 1414 546 1479 sium
572 1412 831 1480 adulescentem
858 1413 906 1479 ita
922 1412 1096 1503 designari
1122 1413 1214 1487 fecit,
1243 1418 1282 1479 ut
1301 1436 1381 1480 eum
1410 1412 1573 1479 omnibus

454 1517 626 1598 laudibus,
667 1542 753 1609 quas
790 1520 945 1587 oratione
975 1521 1177 1609 complexus
1210 1525 1311 1594 esset,
1347 1519 1572 1586 excellentem

453 1628 526 1694 fore
552 1626 695 1694 Crassus
709 1631 941 1716 auguraretur
952 1629 1006 1715 (3)
1021 1650 1028 1695 :
1044 1627 1138 1694 hunc
1155 1626 1315 1694 videlicet
1330 1626 1496 1694 bonorem
1514 1627 1570 1693 lit-

452 1741 560 1801 terate
591 1733 746 1802 tribuere
778 1735 896 1802 Cicero
918 1736 1027 1802 voluit
1060 1736 1091 1801 ei
1126 1733 1240 1801 adhuc
1268 1734 1400 1801 viventi
1420 1737 1571 1821 aemule,

454 1864 471 1906 c
492 1863 570 1908 cum
591 1863 659 1931 quo
672 1847 804 1909 certare
831 1842 1018 1930 gloriosius
1038 1841 1105 1908 sibi
1133 1842 1254 1908 luisset
1276 1864 1292 1905 n
1326 1842 1377 1922 (ut
1398 1842 1571 1931 posterius

451 1948 646 2037 scripturus
683 1952 800 2033 erat)e
821 1971 928 2038 quam
956 1931 1099 2016 omnino
1128 1947 1369 2016 adversarium
1407 1970 1477 2013 non
1512 1948 1571 2015 ha·

453 2053 561 2122 bere»
577 2056 642 2144 (l);
660 2054 767 2122 sedin
782 2077 822 2121 eo
840 2054 939 2137 libro,
956 2077 1060 2145 quem
1073 2054 1230 2144 ejusdem
1242 2055 1372 2121 mortui
1389 2054 1571 2143 ingenium

451 2162 499 2227 sic
519 2160 824 2229 commemorando
836 2184 937 2232 orsus
950 2169 1015 2246 est,
1029 2201 1068 2211 -
1085 2183 1137 2241 eo,
1154 2161 1215 2249 qui
1226 2163 1347 2225 Brutus
1367 2159 1510 2239 dicitur,
1527 2200 1571 2211 —

452 2269 535 2336 satis
562 2270 785 2358 significavit,
813 2273 971 2361 inquam
992 2274 1087 2337 tante
1106 2270 1192 2354 laus,
1220 2273 1387 2357 quantam
1403 2267 1566 2351 diximus,

450 2377 568 2443 verius
582 2376 824 2444 transferenda
842 2380 932 2443 esset
950 2394 957 2441 :
976 2397 1045 2465 qno
1070 2376 1106 2440 in
1122 2374 1225 2458 libro,
1251 2381 1436 2461 postquam
1456 2381 1569 2441 orato·

452 2505 530 2549 ruam
544 2484 673 2571 gradus
706 2488 906 2572 aetatesque
930 2479 1096 2570 usquead
1116 2480 1341 2546 Hortensium
1361 2481 1508 2547 notavit.
1531 2524 1568 2533 -

450 2590 510 2656 ubi
530 2589 573 2657 ad
597 2613 673 2657 eam
689 2595 836 2657 aetatem
876 2589 1045 2677 pervenit,
1072 2610 1154 2676 qua,
1184 2586 1495 2654 «deflorescentes
1519 2586 1567 2676 (5)

446 2695 518 2785 jam
539 2696 735 2769 Hortensio.
771 2696 845 2785 ipse
871 2719 888 2760 <r
916 2696 1052 2761 animos
1088 2694 1270 2760 bominum
1300 2693 1341 2759 ad
1375 2715 1410 2759 se
1430 2692 1567 2760 dicendi

449 2804 601 2869 novitate
613 2812 817 2870 convertens
835 2829 850 2862 »
868 2801 1069 2891 inducitur(
1094 2804 1115 2887 ),
1130 2840 1173 2850 —-
1185 2811 1258 2867 tum
1270 2799 1311 2865 ad
1328 2800 1565 2880 indicandum,

449 2931 538 2998 quae
557 2910 650 2977 illa«
678 2910 813 2977 dicendi
829 2911 965 2976 novitas
985 2937 1001 2969 »
1018 2915 1121 2986 esset,
1141 2909 1190 2975 cis
1207 2906 1321 2975 verbis
1339 2908 1459 2988 utitur,
1478 2930 1567 2996 quae

349 3048 352 3051 ⁴
449 3017 622 3105 quomodo
648 3015 690 3083 ad
710 3018 788 3084 illes
813 3018 1066 3105 disputationes
1083 3043 1098 3076 «
1117 3014 1158 3081 de
1174 3017 1314 3082 Oratore
1338 3042 1352 3073 υ
1380 3014 1566 3104 inscriptas

447 3124 570 3190 referri
585 3125 717 3213 possint
736 3124 794 3191 vix
806 3122 1083 3191 animadvertere
1100 3144 1237 3190 neeesse
1254 3127 1325 3189 est:

482 3312 561 3366 Nihil
587 3313 623 3367 de
645 3312 820 3368 medicam:
840 3314 936 3368 dicam
961 3314 997 3368 de
1023 3312 1139 3380 ceteris,
1168 3327 1297 3382 quorunr
1327 3327 1415 3365 nemo
1437 3316 1500 3365 erat
1515 3310 1565 3381 qui

445 3401 594 3456 videretur
605 3402 782 3471 exquisitius
797 3418 887 3472 quarn
901 3401 1169 3474 vulgushominum
1185 3402 1334 3457 studuisse
1343 3403 1455 3468 tatere,
1466 3400 1566 3471 quibus

446 3491 508 3558 foas
517 3492 662 3559 perfectae
668 3492 843 3561 eloquentiae
849 3493 1018 3559 continetur,
1029 3508 1107 3546 nemo
1122 3494 1171 3562 qut
1182 3492 1390 3560 philosophiam
1406 3492 1565 3558 compleant

446 3587 512 3635 esset
527 3587 644 3634 matrem
660 3583 782 3634 omnium
804 3581 870 3635 bene
883 3583 1026 3647 scotorum
1041 3579 1161 3650 beneque
1176 3581 1324 3649 dictorum,
1340 3598 1428 3635 nemo
1449 3581 1500 3651 qui
1514 3582 1565 3651 ,jus

447 3667 530 3723 civile
544 3668 694 3723 didicisset
708 3685 771 3723 rem
785 3671 821 3725 ad
835 3670 962 3740 privatas
977 3686 1082 3725 causas
1104 3674 1134 3724 et
1161 3670 1197 3726 ad
1221 3671 1348 3725 oratoris
1373 3670 1564 3740 prudentiam

446 3758 572 3813 maxime
583 3758 791 3825 necessariam,
804 3776 892 3814 nemo
904 3760 954 3829 qui
966 3759 1141 3813 memoriam
1158 3775 1258 3813 rerum
1271 3762 1472 3815 Romanarum
1484 3764 1564 3813 tene-

444 3852 536 3913 ret,...
553 3863 641 3902 nemo
656 3848 707 3918 qui
722 3849 846 3903 dilatare
860 3853 962 3918 posset
976 3855 1064 3918 atque
1078 3866 1095 3904 a
1107 3850 1228 3919 propria
1245 3864 1279 3903 ac
1296 3848 1417 3903 definita
1431 3849 1564 3918 disputa-

444 3936 525 3991 tione
544 3937 719 3992 hominisac
745 3938 888 4008 temporis
916 3939 953 3993 ad
977 3954 1165 3993 communem
1194 3937 1402 4008 quaestionem
1432 3937 1563 3991 universi

444 4026 563 4098 generis
578 4028 746 4082 orationem
761 4028 918 4082 traducere
939 4027 1012 4099 (7)...

489 4211 530 4277 Et
551 4210 706 4300 quidem,
732 4253 750 4261 ·
774 4212 863 4279 utde
875 4214 940 4279 ista
953 4213 1012 4279 vix
1024 4212 1245 4279 dissimulata
1260 4213 1314 4279 sui
1327 4211 1491 4291 laudandi
1509 4236 1561 4280 ar-

478 4464 510 4528 (1)
527 4464 561 4515 ut
570 4465 643 4515 idem
658 4465 731 4526 dicit,
745 4468 782 4515 De
797 4468 851 4526 Or„
868 4469 885 4528 l,
905 4472 942 4518 te.

476 4536 509 4598 (2)
523 4537 562 4585 De
577 4536 632 4596 Or„
650 4538 695 4596 ΙΙΙ,
709 4540 794 4597 83-84,
808 4541 846 4587 90.

476 4609 508 4670 (3)
524 4608 561 4657 De
578 4608 632 4667 Or,
644 4609 689 4668 Ill,
706 4613 750 4658 228
769 4612 832 4659 230:
850 4631 892 4660 a...
907 4610 976 4660 nibil
992 4612 1039 4661 isti
1049 4612 1217 4661 adulescenti
1232 4627 1320 4676 neque
1336 4618 1458 4665 enatura
1473 4629 1560 4679 neque

443 4693 460 4728 a
473 4680 599 4728 doctrina
612 4680 705 4730 deesse
721 4682 851 4743 sentio.,.,
867 4703 879 4726 n
897 4686 947 4732 etc.

476 4751 507 4813 (4)
524 4749 562 4800 Cf.
575 4751 663 4810 Brut,
680 4754 700 4801 3.

475 4821 507 4884 (5)
523 4821 567 4871 Sic
582 4822 653 4872 deeo
664 4825 784 4887 loquitur
802 4826 831 4873 in
840 4827 932 4884 Bruto,
945 4826 998 4874 317.

475 4892 507 4955 (6)
522 4894 610 4953 Brut,
627 4896 743 4945 sao-321.

475 4964 507 5027 (l)
523 4965 609 5024 Brut,
619 4968 678 5027 3223
690 4981 722 5017 ea
731 4968 997 5033 excerpsimus,quae
1006 4972 1125 5020 maxime
1134 4971 1167 5019 ad
1179 4984 1237 5020 rem
1248 4972 1422 5034 praesentem
1432 4975 1558 5024 attinent.
