4467 6167
1005 828 1188 892 ..25-

544 991 736 1060 disserendi
754 1020 769 1054 ιι
787 991 998 1059 celeritatem
1026 1020 1042 1053 o
1065 992 1244 1060 intendere
1265 993 1404 1062 videtur
1417 995 1454 1061 in
1476 1018 1516 1063 ea
1540 996 1659 1086 dispu-

542 1100 686 1178 tatione,
705 1122 793 1188 quae
805 1098 848 1166 ab
870 1100 1019 1166 Antonio
1034 1101 1199 1187 retertur(
1223 1104 1247 1186 ),
1262 1140 1306 1150 —
1319 1102 1354 1167 in
1370 1125 1439 1191 qua
1449 1104 1504 1170 vel
1521 1104 1660 1171 Demos-

544 1207 657 1273 thenis
677 1207 836 1296 exemplo
858 1206 905 1295 (2)
937 1206 1002 1273 hoc
1027 1208 1176 1273 maxime
1204 1206 1443 1275 demonstrare
1469 1209 1657 1289 contendit,

546 1336 598 1398 ea,
615 1313 742 1402 quibus
758 1315 942 1403 praecipue
962 1315 1109 1380 oratoris
1128 1315 1179 1380 vis
1198 1315 1429 1396 contineatur,
1443 1316 1497 1382 vel
1515 1338 1534 1382 a
1551 1315 1659 1404 philo·

546 1420 736 1508 sophorum
750 1420 904 1487 doctrina
919 1420 973 1487 vel
987 1421 1133 1488 fortasse
1149 1419 1191 1487 ab
1211 1423 1286 1512 ipsa
1305 1430 1429 1488 natura
1445 1422 1602 1509 (3Jtradi,
1623 1459 1666 1474 -ι

546 1552 623 1597 eam
639 1552 721 1596 vero
748 1556 763 1590 ιι
796 1525 936 1595 dicendi
960 1534 1069 1593 artem
1093 1555 1124 1613 a,
1151 1549 1256 1616 quam
1287 1527 1442 1595 rhetores
1476 1527 1598 1595 docere
1626 1551 1661 1595 se

548 1636 786 1726 profiteantur,
802 1643 860 1702 aut
881 1635 916 1699 in
935 1665 950 1694 ιι
965 1635 1069 1722 nugis
1092 1663 1107 1694 »
1124 1638 1272 1724 positam
1289 1637 1464 1702 autetiam
1484 1663 1498 1695 ιι
1517 1636 1677 1701 omnino

544 1744 678 1810 nullam
696 1770 712 1803 a
729 1740 876 1831 esse(d).
895 1742 995 1808 Hunc
1015 1741 1175 1808 videlicet
1196 1748 1381 1825 oratorem,
1408 1763 1512 1831 quem
1535 1766 1553 1810 a
1575 1742 1661 1831 phi-

546 1849 703 1939 losophis
715 1879 729 1910 «
748 1872 818 1916 una
829 1871 937 1937 paene
949 1871 1030 1915 voce
1043 1848 1162 1937 repelli
1175 1871 1193 1915 a
1207 1847 1453 1937 gubernaculis
1464 1849 1658 1929 civitatum,

547 1956 683 2024 excludi
694 1954 736 2023 ab
752 1956 848 2022 omni
865 1954 1020 2022 doctrina
1046 1977 1233 2044 rerumque
1260 1954 1432 2044 majorum
1450 1956 1594 2022 scientia
1623 1979 1661 2023 ac

546 2069 682 2130 tantum
704 2064 737 2128 in
764 2061 899 2151 judicia
930 2068 962 2129 et
987 2063 1230 2129 contiunculas
1263 2067 1430 2151 tanquam
1465 2062 1499 2126 in
1521 2060 1661 2150 aliquod

546 2171 734 2260 pistrinum
749 2168 886 2236 detrudi
901 2174 933 2236 et
950 2169 1125 2258 compingi
1143 2197 1158 2229 »
1172 2169 1316 2235 Crassus
1328 2189 1408 2234 cum
1424 2167 1662 2256 indignatione

546 2276 720 2365 videbat(
746 2275 770 2365 ),
804 2317 840 2324 -
876 2274 1087 2342 Charmadas
1120 2274 1336 2363 intelligebat
1368 2296 1446 2340 eum
1483 2297 1569 2357 esse,
1603 2276 1663 2364 qui

550 2382 720 2450 «dicendi
749 2382 938 2449 artificium
961 2410 976 2444 a
1005 2406 1024 2449 a
1058 2381 1239 2449 rhetorum
1272 2382 1464 2469 praeceptis
1491 2382 1663 2471 accepisse

548 2488 615 2556 sibi
633 2490 823 2570 videretur,
842 2511 954 2578 neque
969 2511 987 2555 a
1004 2488 1297 2578 philosophorum
1317 2486 1444 2553 scholis
1461 2517 1475 2545 ιι
1495 2488 1663 2553 maxima·
1756 2563 1758 2567 ¹

547 2619 624 2662 rum
642 2618 758 2662 rerum
775 2595 954 2662 scientiam
984 2596 1186 2684 quaesiisset
1205 2626 1219 2656 ι,
1235 2596 1277 2685 (6)
1302 2616 1388 2678 3nec
1415 2615 1496 2660 vero
1516 2595 1582 2660 nisi
1601 2593 1663 2661 tali

549 2702 695 2768 scientia
711 2702 922 2767 instructum
942 2700 1016 2789 ipse
1037 2698 1182 2766 Crassus
1203 2706 1376 2766 oratorem
1398 2722 1417 2765 a
1438 2700 1664 2790 philosopho-

548 2829 625 2874 rum
646 2812 847 2897 contemptu
866 2806 966 2895 plane
979 2804 1217 2873 subtrahebat.

591 2911 772 3002 Ejusmodi
791 2913 901 3000 igilur
916 2913 970 2979 vel
990 2912 1118 2979 auditis
1139 2913 1193 2980 vel
1214 2913 1302 2981 forte
1332 2916 1426 2984 lectis
1453 2918 1663 3007 disputatio-

548 3020 651 3087 nibus
675 3019 717 3087 ad
734 3018 983 3087 instituendam
999 3040 1074 3085 eam
1096 3021 1350 3108 quaestionem,
1365 3022 1406 3089 de
1421 3046 1488 3113 qua
1502 3027 1663 3091 Crassum

548 3134 581 3193 et
618 3127 809 3193 Antonium
851 3124 1083 3214 disceptantes
1126 3125 1275 3205 induxit,
1308 3128 1508 3196 Ciceronem
1540 3131 1663 3198 adduci

548 3234 701 3324 potuisse
726 3232 917 3302 verisimile
947 3239 998 3299 cst
1024 3256 1032 3315 ς
1063 3231 1123 3298 sed
1152 3235 1317 3321 quoniam
1355 3276 1397 3285 -
1425 3237 1664 3305 deficientibus

548 3341 686 3429 scriptis
703 3382 735 3388 -
753 3338 935 3429 dijudicari
949 3340 1092 3405 omnino
1105 3362 1173 3406 non
1186 3348 1309 3429 potest,
1323 3342 1405 3431 quid
1426 3366 1467 3410 ex
1482 3343 1536 3410 his
1550 3367 1663 3411 recen·

546 3445 694 3513 tioribus
721 3444 986 3518 auctoritatibus
1010 3445 1128 3512 Cicero
1148 3446 1190 3513 ad
1211 3470 1311 3515 suam
1336 3439 1506 3517 rationem
1528 3473 1664 3518 assum-

548 3553 665 3643 pserit,
682 3554 790 3619 satius
804 3559 853 3619 est
871 3554 989 3619 statim
1003 3576 1077 3620 rem
1092 3556 1135 3620 ad
1154 3555 1272 3644 ipsum
1285 3557 1464 3624 Platonem
1488 3580 1662 3644 revocare,

580 3817 613 3878 (1)
627 3817 663 3865 De
678 3816 732 3875 Ort,
749 3817 779 3874 1..
796 3816 826 3864 82
837 3829 896 3879 sqq.

580 3888 612 3949 (2)
628 3886 706 3947 lbid.,
727 3889 756 3936 89
771 3906 782 3930 ιι
834 3888 890 3936 sive
905 3886 949 3936 ille
965 3887 1015 3935 hoc
1031 3888 1139 3951 ingenio
1156 3890 1299 3953 potuisset,
1311 3889 1377 3945 sive,
1391 3888 1418 3937 id
1431 3888 1500 3952 quod
1518 3892 1663 3948 constaret,

548 3958 668 4007 Platonis
680 3957 819 4007 studiosus
828 3958 952 4008 audiendi
969 3958 1092 4008 luisset...
1103 3981 1112 3998 ι
1123 3961 1159 4009 De
1173 3961 1352 4010 Demosthene
1366 3980 1378 4004 ιι
1388 3960 1508 4010 Platonis
1521 3960 1664 4010 auditore»

549 4030 640 4079 Cicero
654 4044 703 4078 suo
718 4031 828 4079 nomine
843 4030 964 4091 loquitur
974 4030 1055 4078 etiam
1070 4031 1098 4078 in
1107 4031 1200 4090 Bruto,
1216 4033 1269 4090 121,
1289 4032 1358 4081 etin
1381 4030 1466 4091 Orat,
1484 4033 1512 4078 15
1527 4047 1532 4079 :
1545 4031 1617 4094 quod
1633 4030 1665 4080 ad

548 4101 757 4150 Demosthenem
779 4102 885 4160 attinet,
902 4105 977 4150 extra
998 4106 1122 4150 nostram
1146 4103 1358 4167 disputationem
1386 4103 1565 4165 relinquimus
1582 4118 1587 4152 :
1603 4104 1667 4152 licet

547 4172 620 4220 enim
634 4186 682 4235 per
694 4172 906 4235 disputationem
920 4173 1086 4221 ornatissimi
1099 4175 1150 4222 viri
1160 4175 1193 4223 M.
1204 4174 1314 4231 Croiset‚
1323 4174 1383 4236 (Dea
1395 4174 1465 4222 ide'es
1474 4175 1587 4223 morales
1597 4175 1665 4222 dans

547 4242 710 4306 l'eloquence
725 4243 856 4307 potitique
878 4244 910 4291 de
923 4242 1106 4303 Demosthene,
1125 4247 1193 4303 1873,
1209 4272 1239 4282 -
1260 4246 1420 4309 praesertim
1432 4245 1461 4293 in
1476 4246 1535 4307 ejus
1560 4245 1628 4294 libro
1644 4246 1663 4302 l,

548 4328 606 4377 cap.
623 4315 669 4374 lll,
681 4319 692 4372 ξ
706 4318 729 4375 t)
753 4315 913 4379 intelligere,
930 4313 993 4378 quid
1008 4315 1054 4365 ille
1071 4316 1191 4366 Platonis
1199 4316 1346 4377 doctrinae,
1363 4316 1470 4365 etiamsi
1485 4316 1543 4377 ejus
1561 4317 1667 4366 auditor

546 4400 602 4434 non
616 4385 705 4445 luerit,
715 4385 841 4435 debuisse
857 4385 987 4436 videatur.

580 4457 614 4517 (3)
628 4458 666 4506 De
682 4457 736 4515 Or„
752 4459 772 4516 Ι,
784 4458 868 4507 89-90.

579 4528 763 4589 (6)Ι)θον.,1,
780 4529 940 4592 8tsqq390
957 4542 1016 4592 sqq.

581 4602 614 4661 (ὅ)
632 4599 669 4650 Cl.
686 4600 764 4658 lbid.,
781 4601 863 4649 tlt-ll.

581 4671 612 4733 (6)
630 4671 716 4733 Atque
729 4671 768 4719 ita
783 4667 955 4729 Charmadas,
973 4697 1003 4706 -
1025 4684 1182 4733 quanquam
1201 4672 1226 4721 ei
1239 4685 1299 4720 mos
1313 4673 1353 4721 est
1377 4671 1480 4734 patrius
1503 4689 1514 4713 «
1531 4669 1666 4719 adversari

552 4755 659 4804 semper
684 4742 813 4791 omnibus
835 4742 864 4789 in
876 4740 1039 4803 disputando
1056 4760 1067 4783 a
1090 4742 1137 4802 (De
1154 4743 1231 4801 0121,
1254 4743 1302 4803 84),
1319 4744 1455 4790 -tamen
1470 4742 1567 4804 magis,
1585 4755 1666 4804 quam

547 4814 636 4876 prima
654 4814 744 4876 specie
762 4812 876 4871 videtur,
891 4812 943 4861 sihi
966 4816 1073 4861 constat
1087 4828 1135 4876 per
1159 4828 1191 4863 ea
1211 4813 1326 4876 quaeda
1344 4826 1377 4861 eo
1396 4827 1413 4861 a
1425 4813 1522 4861 Crasso
1535 4814 1627 4873 (lo-tlt
1641 4815 1667 4860 et

548 4883 645 4933 deinde
668 4884 702 4933 ab
729 4885 847 4932 Antonio
871 4884 919 4944 (82,
946 4886 975 4932 84
994 4886 1064 4945 sqq.)
1080 4884 1202 4934 vicissim
1229 4883 1395 4937 reseruntur.
1411 4882 1459 4943 (Οἱ.
1477 4897 1565 4945 supra,
1580 4897 1609 4945 p.
1628 4883 1666 4931 lt.

548 4953 641 5015 nlo.)
