4467 6167
1114 862 1310 939 268-

664 1028 718 1090 ter
736 1024 913 1112 singulare
929 1026 1141 1115 supplicium
1153 1028 1186 1094 in
1208 1028 1336 1118 impios
1370 1031 1604 1119 excogitatum
1619 1032 1782 1102 laudabat

666 1159 681 1193 «
709 1131 878 1221 majorum
896 1132 1104 1222 sapientiam
1123 1165 1152 1221 n,
1164 1135 1224 1224 qui
1240 1136 1432 1205 voluissent
1446 1139 1635 1228 parricidas
1654 1169 1668 1203 α
1691 1142 1783 1209 insui

663 1239 697 1304 in
718 1238 872 1306 culleum
887 1240 986 1307 vivos
1002 1246 1105 1329 atque
1126 1240 1174 1308 ita
1193 1241 1229 1309 in
1254 1242 1382 1310 flumen
1407 1244 1542 1334 dejicio
1571 1268 1578 1316 :
1610 1269 1611 1273 ’

698 1417 719 1471 0
735 1416 917 1488 singularem
931 1418 1118 1488 sapientiam,
1127 1418 1260 1489 judieesl
1274 1422 1377 1475 Nonne
1386 1421 1523 1477 videntur
1535 1422 1617 1478 hunc
1627 1424 1780 1479 hominem

661 1522 697 1560 ex
712 1522 813 1561 rerum
829 1510 937 1561 natura
951 1505 1109 1562 sustulisse
1119 1512 1148 1562 et
1163 1508 1317 1579 eripuisse,
1336 1509 1383 1564 cui
1394 1514 1516 1580 repente
1533 1511 1664 1581 caelum,
1675 1513 1778 1583 solem,

661 1610 770 1665 aquam
786 1600 954 1666 terramque
974 1596 1150 1663 ademerint,
1165 1602 1198 1652 ut
1214 1598 1263 1667 qui
1278 1614 1346 1653 eum
1359 1603 1504 1667 necasset,
1522 1601 1601 1655 unde
1613 1601 1675 1672 ipse
1691 1607 1779 1658 natus

659 1690 747 1750 esset,
758 1692 873 1740 careret
888 1686 924 1741 iis
939 1687 1029 1741 rebus
1044 1687 1195 1753 omnibuS,
1211 1702 1248 1741 ex
1263 1688 1372 1757 quibus
1388 1688 1488 1743 omnia
1504 1693 1574 1743 nata
1589 1706 1654 1744 esse
1671 1691 1778 1747 dicun-

660 1773 728 1827 tur‘?
742 1774 908 1830 Noluerunt
924 1774 996 1829 ieris
1015 1791 1123 1845 eorpus
1138 1775 1279 1845 objicere,
1295 1793 1331 1830 ne
1348 1776 1449 1831 hestiis
1465 1794 1598 1848 quoque,
1616 1796 1693 1849 quae
1713 1785 1778 1835 tan-

660 1869 724 1918 tum
750 1862 848 1917 scelus
876 1864 1052 1935 attigissent,
1073 1864 1301 1919 immanioribus
1315 1870 1487 1931 uteremur;
1504 1882 1565 1921 non
1580 1867 1622 1921 sic
1635 1869 1732 1923 nudos
1748 1870 1777 1925 in

659 1952 771 2007 llumen
796 1951 936 2021 dejicere,
950 1969 998 2017 ne,
1015 1968 1082 2007 cum
1104 1952 1194 2007 delati
1210 1958 1311 2008 essent
1326 1953 1357 2007 in
1372 1970 1464 2021 mare,
1481 1955 1580 2025 ipsum
1596 1956 1775 2027 polluerent,

659 2058 719 2111 quo
740 2044 840 2095 cetera
866 2056 942 2111 quae
957 2040 1066 2095 violata
1085 2045 1157 2095 sunt
1171 2042 1282 2112 expiari
1297 2047 1459 2113 putantur3
1477 2043 1606 2115 denique
1623 2046 1698 2100 nihil
1717 2052 1775 2102 tam

658 2129 713 2184 vile
729 2145 826 2199 neque
839 2134 898 2184 tam
913 2129 1031 2201 vulgare
1045 2135 1099 2193 est,
1116 2130 1203 2201 cujus
1218 2137 1333 2200 partem
1348 2130 1441 2185 ullam
1456 2132 1642 2204 reliquerint.
1660 2136 1775 2190 Etenim

659 2219 731 2291 quid
751 2224 810 2273 tam
833 2222 877 2272 est
903 2234 1062 2273 commune
1083 2235 1173 2288 quarn
1201 2219 1415 2289 spiritusviviS,
1437 2224 1516 2275 terra
1540 2223 1678 2289 mortuiS,
1696 2241 1776 2279 mare

659 2307 881 2372 lluctuantihuS,
911 2306 982 2362 litus
1006 2307 1133 2378 ejectis?
1153 2309 1196 2362 lta
1223 2308 1336 2375 vivunt,
1363 2310 1432 2364 dum
1461 2315 1596 2381 possunt,
1612 2316 1646 2365 ut
1666 2312 1775 2367 ducere

657 2397 787 2451 animam
803 2397 839 2451 de
860 2397 941 2452 caelo
963 2413 1022 2451 non
1039 2401 1159 2466 queant,
1176 2398 1216 2452 ita
1239 2398 1420 2465 moriuntur,
1434 2402 1467 2453 ut
1486 2415 1590 2455 eorum
1611 2417 1678 2455 ossa
1696 2405 1775 2457 terra

657 2502 717 2541 non
740 2491 850 2558 tangat,
872 2486 912 2540 ita
933 2485 1086 2556 jactantur
1113 2486 1262 2555 lluctibuS,
1290 2492 1324 2541 ut
1349 2504 1505 2558 nunquam
1535 2488 1706 2557 abluantur,
1735 2492 1774 2546 ita

657 2579 806 2646 postremo
824 2575 996 2646 ejiciuntur,
1009 2580 1088 2630 utne
1104 2576 1141 2631 ad
1151 2592 1222 2631 saxa
1235 2577 1355 2646 quidem
1368 2578 1479 2632 mortui
1493 2578 1709 2648 conquiescant
1723 2580 1772 2650 (1).

701 2751 801 2816 Hunc
822 2750 949 2831 locum,
967 2751 1033 2817 elsi
1053 2750 1292 2833 notissimum,
1311 2750 1347 2816 in
1361 2756 1517 2817 nostram
1544 2750 1772 2839 scriptionem

655 2860 830 2947 integrum
854 2856 1111 2934 transtulimus,
1156 2862 1196 2923 ut
1218 2862 1311 2923 certo
1333 2856 1490 2945 exemplo
1511 2855 1615 2923 allato
1649 2856 1773 2923 abillis

655 2965 746 3048 loeis,
776 2964 819 3032 de
847 2965 976 3054 quibus
1002 2964 1216 3054 quaerimus,
1248 2962 1417 3055 ejusmodi
1444 2962 1668 3053 amplificatio
1702 2966 1772 3054 pri-

655 3095 752 3139 mum
776 3082 1014 3163 seponeretur,
1031 3094 1119 3161 quae
1139 3094 1201 3161 per
1212 3072 1417 3138 inanitatem
1433 3070 1632 3153 verborum,
1652 3094 1773 3160 quam-

654 3183 707 3247 vis
723 3181 836 3269 specie
852 3177 1082 3269 splendidam,
1102 3201 1139 3245 re
1154 3185 1245 3246 cerie
1266 3185 1299 3245 et
1315 3177 1496 3245 sententiis
1525 3200 1635 3267 paene
1655 3180 1772 3267 pueri·

653 3290 734 3370 lem,
753 3294 963 3355 excurreret.
985 3289 1077 3355 Haeo
1109 3288 1258 3354 enimet
1286 3286 1369 3353 talia
1393 3308 1473 3353 eum
1497 3313 1512 3345 «
1546 3308 1771 3376 nequaquam

654 3398 736 3463 satis
756 3395 945 3463 defervisse
961 3400 1036 3483 post
1063 3394 1242 3483 aliquanto
1259 3395 1387 3461 sentire
1402 3393 1572 3482 coepisset
1591 3396 1631 3479 (2)
1649 3422 1678 3478 a,
1696 3401 1771 3461 tum

652 3510 769 3570 noster
784 3509 900 3569 orator
915 3500 958 3568 ab
973 3501 1033 3567 illa
1042 3501 1192 3589 juvenili
1206 3499 1438 3567 redundantia
1453 3506 1486 3566 et
1498 3500 1638 3566 licentia
1654 3501 1701 3590 (3)
1729 3501 1770 3568 ad

651 3612 792 3699 gravius
820 3631 931 3698 genus
946 3607 990 3697 (l)
1006 3609 1242 3698 eloquentiam
1256 3630 1356 3674 suam
1370 3606 1568 3674 traduxisse
1593 3606 1658 3673 sibi
1675 3607 1769 3676 vide-

652 3719 765 3804 batur,
799 3758 837 3768 —
857 3718 904 3784 ita
919 3716 1090 3795 videlieet,
1105 3721 1143 3782 nt
1158 3713 1295 3782 dicendi
1323 3714 1457 3803 copiam
1488 3736 1549 3802 per
1577 3715 1769 3782 severiores

652 3826 840 3894 sententias
861 3825 977 3915 potius
1009 3832 1288 3914 persequeretur.
1309 3822 1429 3910 Neque
1445 3820 1510 3887 hoc
1537 3820 1612 3887 loeo
1646 3821 1764 3903 refert,

651 3958 731 4003 eum
761 3933 803 4000 ad
819 3932 907 3999 hanc
927 3954 1009 3999 suae
1029 3931 1195 3998 orationis
1223 3928 1533 3996 commutationem
1558 3928 1661 4016 (quae
1691 3930 1768 4017 qui·

650 4042 730 4109 dem
745 4041 968 4109 forsitannon
989 4044 1085 4105 tanta
1099 4037 1219 4120 fuerit,
1247 4042 1413 4126 quantam
1429 4057 1507 4102 eam
1531 4035 1640 4104 fuisse
1656 4039 1766 4126 signi-

650 4148 888 4238 ficarevoluit)
911 4147 972 4237 (5),
998 4145 1145 4216 Molonis
1159 4144 1298 4230 Rhodii,
1318 4171 1333 4205 «
1351 4145 1476 4210 actoris
1492 4145 1623 4211 summi
1643 4167 1766 4213 eausa-

681 4372 714 4433 (l)
729 4372 781 4419 Pro
791 4370 852 4419 Sex.
868 4368 968 4427 Roscio,
981 4366 1064 4416 'll-72.

680 4445 715 4579 lii
729 4442 869 4571 giblii,
886 4512 939 4559 316.
957 4508 1025 4569 Quid
1039 4519 1183 4556 commune
1200 4504 1234 4553 sit
1247 4504 1317 4553 inter
1337 4504 1408 4554 huno
1432 4504 1524 4555 locum
1539 4507 1565 4554 et
1588 4520 1660 4566 eum,
1683 4520 1765 4569 quem

648 4604 679 4639 ex
693 4588 803 4638 Oratore
818 4585 882 4646 ridi)
903 4584 1060 4645 excerptum
1084 4576 1258 4637 conserimus,
1275 4575 1385 4624 -satis
1409 4575 1532 4627 indicant
1546 4578 1650 4627 verba:
1675 4598 1718 4628 a...
1737 4581 1764 4629 et

648 4662 725 4726 quasi
738 4659 889 4722 deseruerat
905 4655 1020 4704 oratio...
1036 4671 1048 4695 »
1370 4717 1375 4727 Ι

680 4729 793 4792 (alliud
809 4727 944 4793 «gravius
973 4722 1100 4788 quiddam
1119 4740 1140 4778 υ,
1155 4718 1226 4782 quod
1250 4718 1410 4767 Hortensius
1433 4732 1489 4767 non
1511 4721 1621 4783 assequi
1635 4722 1758 4785 potuisse

647 4805 744 4855 dicitur
758 4803 840 4868 paulo
855 4798 926 4849 inira
939 4798 1034 4862 (Brut,
1050 4794 1114 4853 32¹1),
1137 4818 1166 4827 —-
1181 4803 1268 4854 neque
1288 4790 1361 4839 enim
1375 4789 1398 4837 is
1419 4803 1434 4837 a
1448 4790 1623 4855 philosophia
1636 4794 1703 4843 satis
1720 4794 1763 4842 in-

646 4879 765 4927 structus
777 4875 871 4925 luerat.

677 4949 710 5013 (5)
727 4949 757 4997 ln
768 4948 859 5005 Bruto,
875 4944 994 4993 ala-316:
1009 4957 1024 4992 a
1038 4943 1076 4993 ita
1085 4933 1174 5000 recepi
1188 4946 1232 4985 me
1242 4932 1352 4984 hiennio
1368 4931 1438 4994 post,
1454 4945 1510 4980 non
1534 4933 1614 4983 modo
1629 4936 1759 4985 exercita·

645 5023 706 5083 tior,
719 5020 766 5071 sed
778 5032 861 5084 prope
875 5018 1003 5066 mutatus.
1019 5028 1035 5065 n
