4467 6167
1008 812 1179 881 „69-

540 1003 618 1047 rum
648 987 681 1047 et
705 979 865 1068 magistri
897 980 942 1068 (l)
957 1009 972 1042 »
995 981 1211 1070 ,praeceptis
1227 986 1261 1047 et
1293 979 1540 1070 disciplina-
1567 980 1655 1047 sicut

536 1089 611 1178 ipse
625 1087 782 1155 narravit
795 1088 836 1173 (2)
854 1126 893 1137 -
906 1085 1055 1154 maxime
1076 1110 1180 1154 usum
1192 1110 1266 1154 esse
1283 1109 1289 1154 :
1309 1086 1347 1154 ad
1366 1085 1654 1177 philosophorum

535 1201 626 1263 certe
643 1192 794 1276 scholas,
808 1193 843 1260 in
857 1194 985 1283 quibus
1001 1195 1133 1262 versari
1149 1199 1183 1261 et
1195 1194 1525 1284 antejamcoeperat
1536 1200 1651 1260 ettum

535 1302 591 1369 vel
607 1301 756 1368 maxime
773 1303 949 1390 pergebat,
968 1300 1060 1367 idem
1082 1323 1149 1367 non
1182 1308 1313 1368 temere
1343 1299 1510 1369 indicavit
1532 1322 1653 1368 earum

536 1409 738 1498 graviorum
755 1408 1008 1475 sententiarum
1033 1408 1276 1475 tractationem
1306 1407 1492 1497 pertinere,
1527 1405 1654 1495 quibus

537 1516 571 1582 io
593 1515 653 1582 illa
672 1516 749 1604 ipsa
770 1515 848 1583 Sex.
869 1514 982 1581 Roscii
1004 1536 1108 1580 causa
1121 1512 1196 1603 jam
1224 1513 1306 1580 satis
1341 1514 1552 1579 instructum
1579 1534 1654 1578 sese

536 1645 615 1690 cum
647 1622 857 1705 ostenderet,
890 1627 963 1688 tum
990 1621 1031 1688 ab
1057 1643 1178 1688 earum
1210 1626 1372 1688 contextu
1402 1620 1444 1686 ad
1466 1620 1653 1709 quamdam

536 1729 694 1796 inanium
711 1729 899 1797 verborum
925 1728 1106 1796 lasciviam
1132 1729 1324 1796 orationem
1352 1750 1452 1794 suam
1472 1727 1653 1795 deflectere

538 1834 681 1902 sinebat.

577 2519 656 2585 Jam
671 2539 765 2595 vero,
787 2522 826 2583 ut
847 2514 889 2583 ad
913 2514 1268 2589 circumscribendam
1289 2514 1466 2604 propriam
1493 2513 1650 2604 disputa-

533 2626 638 2693 tionis
652 2630 791 2691 nostrae
815 2624 915 2712 quasi
942 2622 1123 2711 regionem
1143 2624 1256 2711 ipsam
1271 2622 1316 2688 M.
1339 2622 1445 2688 Tullii
1465 2622 1651 2688 auctorita-

533 2740 603 2800 tem
630 2730 867 2808 adhibuimuS,
893 2731 941 2797 ita
961 2729 1081 2797 eodem
1097 2730 1173 2818 ipso
1200 2730 1286 2796 duce
1308 2738 1399 2796 recte
1423 2731 1522 2796 usuri
1551 2729 1650 2796 nobis

532 2839 693 2908 videmur
712 2836 754 2905 ad
774 2834 1055 2916 describendum,
1078 2835 1205 2926 quibus
1221 2836 1441 2926 potissimum
1462 2836 1575 2901 modis
1597 2837 1650 2901 in·

532 2945 666 3026 ciderit,
683 2951 722 3011 ut
744 2966 798 3010 res
813 2950 847 3010 et
866 2944 1057 3010 sententiae
1071 2944 1112 3009 ad
1131 2965 1206 3009 eam
1233 2941 1475 3032 philosophiae
1502 2949 1646 3030 partem,

532 3076 637 3143 quam
653 3052 816 3133 diximus
834 3051 1047 3140 pertinentes
1060 3051 1096 3117 in
1112 3051 1228 3117 causis
1246 3051 1351 3116 intexi
1368 3055 1527 3139 possent:
1545 3049 1650 3139 hujus

531 3160 697 3227 nimirum
713 3159 850 3246 generis
875 3159 1073 3225 occasiones
1089 3181 1130 3225 eo
1150 3157 1367 3246 frequentius
1386 3161 1504 3223 noster
1534 3162 1650 3222 orator

531 3268 686 3356 arripere
705 3264 836 3347 debuit,
854 3264 946 3354 quod
965 3288 1086 3332 earum
1099 3266 1303 3332 varietatem
1319 3263 1361 3331 ad
1375 3269 1484 3330 certas
1498 3264 1649 3330 rationes

531 3375 630 3465 quasi
651 3372 825 3440 redactam
840 3373 958 3439 animo
973 3371 1300 3461 comprehendebat.
1323 3372 1366 3438 Et
1381 3370 1522 3460 quidem
1539 3393 1578 3436 ex
1605 3372 1648 3437 iis

531 3480 712 3547 rhetoricis
737 3478 846 3561 libris,
875 3499 962 3566 quos
989 3477 1178 3545 admodum
1211 3476 1415 3544 adulescens
1443 3503 1458 3537 <i
1490 3498 1532 3542 ex
1556 3499 1648 3543 com-

531 3586 749 3654 mentariolis
765 3587 836 3652 suis
858 3585 905 3675 (3)
928 3616 944 3647 »
971 3592 1201 3674 expresserat,
1228 3584 1312 3651 satis
1326 3589 1482 3672 apparet,
1504 3606 1585 3649 eum
1605 3582 1648 3650 ab

530 3695 616 3783 ipsis
629 3692 809 3760 rhetorum
830 3690 970 3770 scholis,
988 3714 1076 3782 quos
1091 3691 1236 3771 adierat,
1257 3692 1427 3776 accepisse
1449 3711 1489 3755 ea
1510 3688 1646 3778 (quam-

530 3802 582 3867 vis
603 3802 637 3867 in
663 3798 813 3889 singulis
828 3797 933 3865 rebus
946 3799 1051 3888 paulo
1067 3799 1168 3866 aliter
1187 3796 1230 3865 ab
1248 3796 1325 3863 aliis
1341 3796 1537 3886 immutata)
1559 3818 1648 3885 quae

530 3907 571 3974 de
594 3907 816 3974 distinctione
841 3906 949 3973 trium
973 3928 1154 3995 generum,
1182 3903 1457 3984 demonstrativi,
1480 3902 1646 3969 delibera-

530 4013 608 4091 tivi,
619 4012 812 4103 judicialis,
835 4012 929 4080 etde
950 4013 1227 4102 uuiuscujusque
1243 4041 1257 4073 α
1274 4012 1342 4077 tine
1371 4036 1401 4090 r,
1423 4049 1465 4059 -
1486 4009 1644 4089 honest0‚

530 4121 619 4200 utili,
636 4143 759 4209 aequo,
788 4159 831 4169 -
847 4119 930 4209 (quo
947 4120 1079 4209 proprii
1094 4118 1374 4207 uniuscujusque
1395 4116 1459 4183 loci
1475 4116 1647 4183 referren-

467 4270 469 4272 >
530 4228 612 4317 tur),
631 4226 838 4293 Aristoteles
859 4228 992 4314 primus
1013 4225 1178 4293 docuerat
1194 4226 1253 4316 (l).
1277 4226 1412 4314 ltaque,
1437 4223 1521 4289 dum
1537 4223 1572 4289 in
1593 4247 1647 4291 se-

528 4333 642 4401 cundo
658 4332 784 4400 horum
805 4334 845 4398 dc
865 4335 1058 4400 [revelatione
1079 4333 1249 4400 librorum
1274 4331 1513 4399 Aristoteliam
1536 4329 1646 4396 dehis

529 4441 632 4509 rebus
652 4439 846 4507 doctrinam
876 4442 925 4507 ita
956 4441 1137 4508 dumtaxat
1165 4448 1355 4507 correctam
1383 4439 1520 4528 repetit,
1546 4438 1645 4503 utin

558 4688 592 4750 (1)
606 4689 633 4737 et
648 4688 681 4749 (2)
697 4687 734 4736 Cl.
746 4688 832 4743 Brut,
845 4686 889 4733 3οῙ
906 4686 932 4734 et
944 4685 999 4734 316.

559 4759 591 4821 (3)
607 4759 682 4808 Sicut
695 4758 793 4808 dicitur
809 4758 838 4805 in
852 4755 991 4820 prooemio
1006 4753 1068 4803 libri
1080 4755 1091 4802 l
1105 4754 1144 4802 De
1161 4753 1213 4811 Or,
1226 4756 1247 4802 5.

558 4830 591 4893 (l)
607 4829 708 4879 Eadem
723 4829 778 4879 lere
801 4827 951 4891 exponebat
972 4826 1042 4875 circa
1069 4824 1142 4873 idem
1157 4827 1263 4888 tempus
1282 4825 1402 4873 incertus
1417 4825 1511 4873 auctor
1524 4822 1646 4872 Rhetori-

525 4915 616 4949 corum
631 4915 700 4963 quae
715 4900 842 4950 dicuntur
863 4919 875 4942 «
892 4897 925 4947 ad
952 4896 1119 4946 Herennium
1139 4914 1151 4940 »
1174 4895 1221 4958 (Cf.
1237 4894 1284 4944 lib.
1301 4894 1345 4953 Ill,
1362 4908 1419 4957 cap.
1437 4895 1495 4954 2-83
1515 4922 1543 4929 -
1558 4893 1607 4943 lib.
1626 4895 1645 4956 l,

524 4986 587 5035 cap.
607 4974 641 5034 2).
