4467 6167
1026 837 1200 901 ..Π-

556 1020 623 1096 tur,
634 1007 944 1103 cognoscendisll)
957 1035 972 1070 a
986 1006 1265 1096 protulissetl2),
1281 1044 1307 1056 -
1319 1003 1410 1072 idern
1425 1005 1461 1071 in
1476 1027 1516 1074 ca
1532 1004 1676 1074 secundi

554 1121 634 1189 libri
651 1126 763 1210 parte,
784 1116 843 1184 ubi
863 1138 899 1183 se
919 1135 1092 1204 exponere
1121 1112 1314 1203 profitetur,
1340 1141 1355 1171 «
1373 1110 1500 1201 quibus
1524 1135 1566 1179 ex
1590 1112 1676 1180 loeis

554 1226 678 1296 adeas
704 1231 773 1292 tres
800 1245 868 1305 res,
896 1243 986 1311 quae
1011 1219 1054 1288 ad
1075 1219 1179 1287 fidem
1202 1219 1395 1286 faciendam
1420 1219 1675 1304 solaevaleant‚

555 1334 705 1402 ducatur
719 1330 844 1415 oratio,
867 1334 906 1395 nt
926 1335 960 1396 et
982 1327 1215 1395 concilientur
1240 1326 1347 1393 animi
1375 1331 1408 1393 et
1432 1325 1620 1392 doceantur
1643 1331 1676 1393 et

556 1444 766 1509 moveantur
780 1438 832 1524 (3)
850 1465 881 1516 a,
899 1434 1094 1511 adducitur,
1113 1440 1151 1501 ut
1172 1433 1213 1501 de
1229 1434 1363 1500 naturis
1380 1431 1561 1499 hominum
1578 1433 1676 1500 allec·

557 1548 722 1637 libusque
750 1544 926 1613 disserat:
961 1550 994 1610 et
1031 1541 1187 1632 quidem,
1220 1571 1235 1602 n
1270 1540 1397 1631 quihus
1432 1539 1535 1607 rebus
1569 1540 1677 1607 animi

558 1654 747 1721 hominnm
768 1659 1024 1733 moveantur»,
1060 1672 1080 1716 a
1107 1678 1123 1711 «
1156 1649 1259 1738 longa
1292 1650 1361 1716 vita
1391 1670 1524 1737 usuque
1560 1669 1677 1715 rerum

559 1762 794 1829 maximarum
823 1787 838 1820 a
869 1765 987 1827 tenere
1011 1780 1047 1826 se
1074 1757 1125 1824 ait
1150 1758 1224 1843 (l),
1250 1755 1423 1824 sedidem
1454 1756 1552 1822 iniis
1575 1753 1677 1823 robus

561 1865 776 1958 exponendis
791 1864 839 1955 (5)
856 1888 893 1933 se
912 1864 1112 1933 Aristotelis
1134 1886 1273 1953 qnoque
1300 1862 1511 1951 discipulum
1536 1885 1611 1929 esse
1626 1863 1677 1944 (6)

563 1974 646 2041 satis
679 1970 844 2053 ostendit,
886 2012 918 2024 -
957 1973 1017 2062 qui
1052 1969 1280 2060 philosophus
1312 1971 1445 2059 primus
1478 1969 1678 2059 exemplum

564 2079 704 2148 dederat
726 2079 761 2145 in
783 2105 800 2140 «
826 2077 1009 2146 rhetoricis
1029 2076 1130 2144 libris
1154 2104 1170 2138 »
1192 2100 1232 2144 ea
1251 2077 1422 2159 tradendi,
1440 2102 1528 2169 quac
1544 2078 1587 2145 ad
1606 2102 1679 2146 ora·

564 2198 680 2258 torum
712 2210 816 2255 usum
845 2209 864 2254 e
898 2182 1142 2274 philosophiae
1171 2181 1325 2250 fontibus
1359 2184 1676 2275 depromerentur:

563 2317 651 2386 quae
666 2316 748 2362 cum
763 2291 938 2360 Antonius
958 2290 1087 2356 oratori
1106 2296 1189 2357 nota
1204 2312 1279 2358 esse
1293 2290 1386 2377 velit,
1403 2292 1467 2359 hoc
1479 2294 1554 2380 ipso
1570 2291 1680 2381 phi'o·

563 2401 704 2493 sophiae
731 2394 989 2490 cognoscendae
1005 2395 1159 2462 fructum
1184 2396 1335 2485 aliquem
1358 2420 1432 2465 esse
1452 2400 1619 2488 agnoscit,
1640 2440 1677 2451 -

564 2510 693 2599 quippe
714 2528 776 2598 per
801 2527 907 2595 quam
930 2525 980 2590 ea,
1001 2524 1089 2592 quae
1114 2508 1149 2569 ut
1173 2504 1347 2571 Antonius
1368 2527 1387 2571 a
1409 2506 1608 2595 longousu,
1631 2507 1680 2573 sic

564 2614 621 2684 alii
635 2613 725 2681 forte
738 2611 781 2681 ab
795 2612 871 2701 ipsa
882 2617 1006 2677 natura
1019 2608 1065 2698 (Ἰ)
1079 2610 1162 2675 satis
1173 2611 1363 2692 tenuerint,
1383 2614 1513 2679 ratione
1525 2611 1681 2680 adhibita

566 2721 691 2790 melius
729 2725 820 2789 certe
854 2716 1004 2807 perspici
1034 2722 1068 2782 et
1093 2717 1342 2806 comprehendi
1372 2725 1405 2785 ct
1436 2720 1572 2785 tractari
1602 2741 1681 2809 pos·

566 2828 645 2895 sint.

608 2936 658 3002 De
687 2933 797 3001 altera
830 2953 913 2999 vero
944 2930 1087 3011 ratione,
1119 2953 1224 3020 quam
1254 2932 1398 2999 Crassus
1428 2934 1462 2998 in
1494 2934 1682 3000 tractandis

565 3038 737 3131 ejusmodi
763 3038 848 3105 locis
873 3036 1032 3127 ponebat,
1052 3058 1139 3125 quos
1158 3036 1355 3127 philosophi
1376 3038 1682 3127 t1·adcront(velut

567 3177 581 3208 n
595 3147 651 3244 ¹de
666 3145 719 3213 dis
735 3142 1009 3223 immortalibus,
1034 3143 1075 3210 dc
1100 3145 1238 3232 pietate,
1257 3144 1298 3211 de
1321 3146 1519 3242 concordia,
1533 3146 1574 3213 de
1593 3148 1679 3212 ami·

565 3256 657 3337 cilia,
675 3253 716 3320 de
747 3252 924 3320 communi
955 3251 1113 3339 gentium
1138 3249 1229 3339 jure,
1253 3251 1293 3319 de
1314 3254 1499 3343 aequitate,
1527 3253 1567 3320 dc
1593 3260 1683 3320 tem-

566 3361 747 3453 perantia,
785 3359 827 3426 de
867 3357 1110 3446 magnitudine
1153 3360 1293 3441 animi,
1324 3359 1364 3426 dc
1408 3361 1503 3427 omni
1542 3361 1682 3427 virtutis

565 3489 692 3558 genere
710 3471 740 3552 u)
752 3465 812 3557 (8),
830 3503 867 3514 -
887 3464 930 3531 ab
941 3466 1094 3531 Antonio
1109 3463 1210 3532 etiam
1223 3467 1419 3534 insecundo
1431 3467 1516 3535 libro
1530 3491 1570 3536 ea
1585 3468 1683 3535 audi-

565 3596 654 3655 mus,
676 3594 766 3662 quae
781 3572 821 3639 ad
852 3593 929 3639 eam
952 3573 1036 3637 salis
1056 3580 1135 3662 apte
1159 3575 1332 3661 pertinere
1354 3573 1518 3642 videntur
1538 3576 1603 3663 (9),
1623 3574 1681 3643 scd

567 3679 724 3749 eamdem
741 3680 889 3747 maxime
906 3703 924 3747 a
943 3679 1065 3746 Crasso
1089 3682 1165 3770 ipso
1183 3683 1214 3747 in
1235 3683 1335 3748 tortio
1354 3681 1442 3748 libro
1469 3684 1568 3771 quasi
1592 3704 1684 3751 nova

567 3786 631 3855 sub
655 3788 769 3877 specie
796 3791 1018 3854 retractatam
1043 3788 1361 3878 amplificatamque
1389 3791 1680 3878 recognoscimus.

568 3896 757 3984 Postquam
778 3896 883 3976 enim,
900 3933 942 3943 -
957 3894 1098 3983 iisquae
1116 3895 1158 3961 ad
1178 3898 1413 3963 inventionem
1436 3896 1525 3964 etad
1545 3925 1559 3957 n
1578 3897 1684 3964 collo-

567 4001 1684 4093 nationem»rerumattineutahAntoniopersecnndumlibrum

534 4202 540 4214 .
569 4107 749 4197 expositis,
771 4146 811 4157 -
837 4107 879 4174 ad
895 4107 1139 4195 explicandam
1160 4110 1367 4177 elocutionis
1387 4112 1457 4178 vim
1480 4120 1685 4200 perventum

601 4346 633 4409 (t)
652 4346 693 4396 lta
704 4346 826 4409 loquitur
838 4345 968 4395 Scaevola
982 4346 1070 4395 Crassi
1085 4347 1251 4395 sententiam
1268 4346 1397 4406 referens,
1409 4348 1429 4406 l,
1447 4349 1499 4397 165.

602 4418 634 4480 (2)
651 4418 670 4475 l,
680 4419 720 4476 48,
731 4419 770 4476 53,
786 4419 825 4465 60.
837 4443 866 4452 -
879 4416 917 4466 Cl.
932 4419 971 4475 ui,
987 4418 1016 4466 in
1031 4417 1198 4467 Charmadas
1214 4418 1409 4482 disputatione.

601 4490 634 4551 (3)
648 4486 685 4536 Cf.
702 4488 736 4548 ll,
751 4491 805 4538 121.

602 4558 678 4621 (4)οῐ
702 4558 800 4617 ileon

599 4632 634 4688 (δι
649 4631 817 4690 Praesertim,
835 4632 865 4689 ll,
883 4634 936 4692 205,
957 4646 1016 4695 sqq.

601 4702 633 4763 (6)
649 4702 718 4750 Eum
732 4700 842 4764 quidem
856 4704 947 4754 Cicero
974 4705 1038 4754 lecit
1054 4704 1187 4754 latentem
1214 4706 1256 4769 (ΙΙ,
1277 4708 1392 4769 rsa-153)
1410 4706 1522 4770 quidah
1541 4704 1686 4755 Aristotele

574 4774 716 4835 acceperit.

601 4844 633 4904 (i)
649 4843 725 4902 Quod
741 4858 756 4893 a
771 4844 921 4894 Charmada
935 4847 973 4896 ita
985 4846 1155 4910 disputatum
1165 4849 1254 4898 Cicero
1273 4850 1400 4912 iaciebat,
1417 4850 1436 4907 l,
1453 4851 1492 4898 90.

600 4914 635 4977 (8)
649 4914 688 4964 Cl.
703 4916 722 4974 l,
739 4919 783 4976 563
799 4915 832 4965 cl.
844 4918 883 4967 oi.

600 4987 633 5049 (9)
651 4988 822 5046 Praesertim,
834 4989 862 5036 68
879 4991 906 5038 et
916 4990 960 5037 {35
975 4989 1035 5050 (lib.
1051 4989 1094 5052 ΙΙ).
