4467 6167
1021 836 1165 902 „5-

577 1003 620 1068 Et
632 1024 736 1093 ivero,
754 1002 836 1091 quia
851 1000 894 1068 ad
911 1008 1070 1068 nostrum
1097 1002 1312 1091 propositum
1333 1003 1484 1070 maxime
1500 1004 1649 1093 pertine·

530 1110 579 1177 bit
593 1108 779 1177 ostendere
796 1115 968 1199 qnatenus
988 1108 1022 1175 in
1036 1108 1111 1198 ejus
1125 1109 1341 1177 erationibus
1380 1109 1464 1178 haec
1499 1111 1651 1201 philoso-

530 1216 631 1307 phiae
646 1215 823 1305 adjunctio
844 1216 1038 1283 rationibus
1054 1216 1097 1284 ab
1119 1216 1194 1305 ipso
1222 1218 1389 1305 expositis
1423 1218 1642 1307 respondeat,

530 1364 572 1372 —
588 1322 716 1391 idcirco
730 1345 804 1390 rem
830 1330 986 1390 nostram
999 1329 1089 1389 recte
1112 1323 1160 1389 iia
1176 1323 1336 1413 partituri
1352 1322 1451 1389 nohis
1473 1324 1644 1408 videmur,

529 1438 568 1497 ut
582 1430 624 1497 ab
642 1429 694 1496 his
712 1430 903 1498 rationibus
950 1430 1103 1519 primum
1139 1431 1329 1519 perspectis
1365 1436 1582 1498 transeamus
1607 1431 1650 1499 ad

531 1534 804 1626 dijudicandum,
828 1534 1126 1626 quemadmodum
1163 1535 1228 1603 hoc
1258 1535 1499 1626 philosophiae
1519 1539 1650 1604 instru-

530 1648 686 1709 mentum
702 1641 743 1708 ad
761 1642 1106 1732 eloquentiamsuam
1131 1642 1411 1732 locupletandam
1437 1652 1557 1711 noster
1572 1668 1649 1713 ora-

531 1757 586 1818 tor
601 1772 666 1816 usu
681 1748 879 1816 adhibuerit
893 1749 953 1838 (l).

532 1971 619 2020 tiones
635 1970 777 2021 declarant
792 1971 905 2021 refertae
924 1970 1151 2035 philosophorum
1169 1967 1312 2017 sententiis
1324 1969 1351 2016 et
1367 1966 1587 2017 doctissimorum
1602 1967 1650 2016 ho-

529 2043 636 2091 minum
659 2042 867 2100 familiaritates,
883 2043 981 2105 quibus
1005 2055 1111 2104 semper
1126 2040 1223 2089 domus
1247 2041 1342 2089 nostra
1357 2039 1453 2097 floruit,
1470 2040 1497 2087 et
1512 2038 1648 2101 principes

531 2113 574 2162 illi
591 2114 731 2173 Diodotus,
754 2114 837 2173 Philo,
863 2114 1021 2171 Antiochus
1037 2110 1210 2170 Posidonius,
1228 2126 1244 2160 a
1259 2110 1358 2174 quihus
1382 2110 1502 2159 instituti
1514 2124 1649 2159 sumus.»

533 2185 579 2247 (De
594 2186 699 2233 Natura
714 2186 832 2234 deorum,
844 2186 861 2244 l,
878 2185 912 2246 6.)

562 2256 594 2319 (1)
608 2256 703 2305 Varios
716 2255 883 2306 eruditorum
898 2257 1015 2305 virorum
1031 2254 1125 2311 libros,
1136 2253 1169 2303 ad
1185 2267 1253 2317 quos
1278 2252 1396 2302 maxime
1411 2266 1461 2301 nos
1490 2250 1589 2300 referre
1604 2251 1650 2301 de

530 2328 647 2389 linimus,
664 2329 744 2390 prout
759 2329 866 2377 occasio
880 2326 990 2387 incidet,
1003 2327 1032 2375 in
1046 2326 1149 2375 nostris
1162 2324 1386 2375 annotationibus
1399 2322 1592 2372 indicabimus,
