4467 6167
1113 811 1288 877 ..56-

645 974 744 1057 teria,
769 995 858 1062 quae
878 974 910 1041 ei
931 972 1087 1064 subjecta
1106 976 1153 1043 sit
1173 976 1221 1065 (in
1242 977 1406 1046 omnibus
1422 979 1596 1064 videlieet,
1610 1004 1709 1071 quae
1724 981 1766 1050 ad

645 1082 827 1148 hominum
840 1082 948 1148 vitam
965 1083 1174 1170 pertineant)
1192 1082 1252 1173 (1),
1271 1108 1287 1150 r
1303 1108 1421 1153 rerum
1437 1088 1574 1176 copiam
1590 1113 1605 1153 ›
1623 1087 1666 1156 ab
1680 1089 1767 1178 ipsis

643 1188 862 1279 philosophis
879 1190 1065 1278 repetierit.
1082 1191 1174 1256 Dum
1190 1202 1308 1258 autem
1325 1193 1565 1283 philosophiae
1588 1194 1631 1261 ad
1651 1194 1767 1262 dicen-

643 1295 727 1362 dum
737 1296 923 1362 utilitatem
939 1295 988 1362 sic
1003 1296 1281 1385 comprehendit,
1302 1321 1369 1365 non
1383 1300 1559 1368 immerito
1573 1302 1616 1367 lt.
1631 1301 1768 1368 Tullius

643 1402 780 1470 dicendi
800 1402 965 1469 studiosis
982 1424 1039 1469 eos
1060 1403 1283 1491 potissimum
1305 1403 1532 1495 philosophos
1548 1407 1766 1495 designabat,

645 1534 665 1577 a
687 1508 816 1599 quibus
836 1508 979 1592 eisdem,
1001 1509 1103 1575 simul
1126 1515 1229 1597 atquo
1259 1532 1378 1577 rerum
1406 1513 1516 1598 copia,
1536 1514 1612 1602 ipsa
1632 1513 1768 1582 dicendi

647 1616 800 1684 suavitas
815 1622 848 1683 et
863 1616 1016 1706 copia(2)
1034 1638 1093 1705 per
1110 1615 1288 1683 assiduam
1309 1620 1593 1687 exercitationem
1610 1621 1769 1688 tradere-

643 1729 712 1791 tur.
742 1723 812 1791 Nec
844 1746 924 1791 vero
955 1722 1039 1789 baec
1065 1721 1356 1791 Academicorum
1384 1726 1770 1818 Peripateticorumque

644 1830 844 1898 exercitatio
860 1852 901 1897 eo
921 1830 1034 1896 solum
1055 1830 1377 1911 commendabatur,
1405 1834 1497 1922 quod
1515 1857 1577 1924 per
1606 1858 1683 1902 eam
1712 1858 1768 1923 po-

648 1937 823 2005 tissimum
844 1943 961 2003 orator
981 1935 1046 2004 hoc
1080 1939 1246 2026 consequi
1269 1947 1397 2027 posset,
1412 1947 1448 2006 ut
1477 1965 1494 2006 c
1517 1963 1635 2009 rerum
1657 1941 1770 2009 abun·

643 2043 829 2111 dentiam»
851 2045 961 2111 oratio
989 2045 1093 2132 polita
1109 2054 1142 2111 et
1162 2053 1285 2112 ornata
1300 2048 1400 2136 quasi
1421 2054 1543 2136 sponte
1564 2071 1629 2118 sua
1644 2072 1769 2139 seque-

647 2157 743 2218 retur
758 2150 806 2241 (3)
825 2173 832 2234 ;
852 2150 911 2218 sed
924 2151 1045 2219 eadem
1058 2151 1101 2218 ad
1117 2174 1175 2220 eos
1188 2153 1282 2241 ipsos
1296 2154 1382 2221 locos
1398 2155 1601 2244 pertinebat,
1620 2179 1771 2246 quorum

647 2258 740 2325 facili
755 2259 959 2325 tractatione
982 2281 1034 2325 res
1058 2298 1095 2307 -
1116 2282 1137 2325 a
1151 2261 1293 2350 propria
1313 2282 1350 2327 ac
1377 2260 1519 2329 delinita
1545 2262 1703 2331 hominis
1733 2287 1771 2332 ac

646 2364 871 2454 temporisad
886 2387 1109 2432 communem
1124 2368 1364 2455 quaestionem
1373 2369 1529 2437 universi
1544 2372 1683 2459 generis
1703 2377 1772 2437 tra-

647 2473 750 2539 ducta
781 2472 829 2562 (l)
847 2472 1043 2539 —dilatari
1060 2478 1091 2538 et
1114 2473 1324 2561 amplificari
1355 2473 1510 2540 ornando
1538 2473 1586 2563 (ὅ)
1618 2475 1770 2542 maxime

649 2586 790 2671 posset:
817 2601 899 2646 nam
922 2562 1014 2669 quod
1036 2580 1069 2644 in
1099 2577 1273 2667 ejusmodi
1294 2580 1378 2646 locis
1406 2579 1555 2646 orationi
1577 2581 1772 2648 inserendis

648 2687 766 2753 Cicero
787 2684 948 2752 admonet
970 2688 1026 2777 (a),
1065 2693 1273 2753 «oratorem
1296 2710 1313 2751 a
1338 2708 1440 2752 suum
1459 2710 1475 2750 a
1507 2708 1576 2753 non
1598 2688 1773 2776 Peripate-

646 2794 792 2859 ticorum
821 2814 928 2871 more,
951 2793 1012 2859 sed
1037 2794 1217 2883 aliquanto
1233 2794 1417 2859 nervosius
1436 2822 1450 2853 »
1483 2792 1657 2860 dicturum
1683 2816 1771 2876 esse,

647 2898 713 2965 boc
733 2900 808 2988 ipso
823 2900 907 2965 satis
929 2901 1116 2988 significat,
1140 2900 1228 2967 hano
1259 2929 1271 2959 α
1300 2901 1497 2988 elegantem
1518 2900 1561 2966 ab
1585 2899 1774 2968 Aristotele

647 3007 872 3075 constitutam
890 3008 1172 3074 exercitationem
1190 3006 1258 3073 aad
1279 3007 1518 3095 eloquentiam
1529 3005 1583 3072 vel
1599 3006 1773 3073 forensem

648 3114 928 3205 quamproxime
948 3114 1111 3182 accedere
1139 3115 1205 3181 sibi
1221 3113 1346 3181 videri.

694 3222 764 3288 Nec
783 3245 865 3288 vero
890 3208 1035 3289 lortuito
1051 3221 1186 3304 incidit,
1221 3229 1257 3288 ut
1294 3229 1432 3310 peracto
1466 3219 1775 3287 demonstrationis

647 3336 783 3395 nostrae
799 3331 898 3418 quasi
918 3327 1094 3395 curriculo
1126 3324 1168 3391 ad
1191 3347 1269 3392 eam
1296 3327 1410 3414 ipsam
1442 3325 1613 3391 rationem
1634 3313 1775 3391 reduca-

649 3459 741 3520 mur,
763 3458 871 3526 quam
900 3435 941 3502 de
963 3434 1044 3500 locis
1072 3456 1089 3500 e
1126 3433 1349 3522 philosophia
1378 3433 1419 3499 ad
1454 3432 1645 3498 oratorium
1670 3454 1775 3498 usum

649 3543 863 3611 arcessendis
878 3543 1022 3610 allatam
1039 3541 1194 3630 primum
1215 3539 1422 3607 notabamus
1439 3559 1446 3606 :
1464 3540 1594 3629 quippe
1609 3561 1690 3605 cum
1706 3540 1775 3606 alio

650 3651 755 3718 etiam
786 3650 887 3717 molo
916 3650 1056 3740 agnosci
1086 3648 1208 3736 possit,
1250 3646 1354 3734 hujus
1384 3646 1606 3735 potissimum
1633 3646 1776 3712 rationis

649 3766 827 3825 momento
844 3782 863 3824 a
883 3780 1022 3825 summa
1040 3754 1283 3844 philosophiae
1297 3754 1556 3843 cognoscendae
1572 3754 1776 3820 necessitate

649 3864 691 3932 ad
709 3865 1021 3953 Peripateticorum
1035 3862 1396 3949 Academicorumque
1412 3861 1634 3927 selectionem
1652 3882 1776 3948 quaes-

650 3977 782 4039 tionem
797 3972 992 4039 traductam
1018 3993 1106 4037 esse.
1136 3971 1224 4035 Nam
1246 3967 1473 4057 iuejusmodi
1494 3967 1660 4046 utilitate,
1687 3989 1776 4056 quae

651 4079 686 4145 in
724 4079 966 4168 pernoscendis
995 4078 1181 4145 bominum
1200 4078 1335 4143 naturis
1367 4075 1409 4141 ad
1436 4073 1633 4142 tractandos
1654 4095 1775 4140 eorum

652 4186 787 4252 animos
805 4186 1009 4275 ponebatur,
1038 4186 1172 4251 nullam
1189 4205 1330 4251 causam
1348 4182 1519 4271 prolatam
1534 4179 1701 4257 vidimus
1716 4200 1778 4245 cur

653 4300 766 4359 certae
782 4292 988 4381 disciplinae
1024 4293 1103 4359 aliis
1122 4291 1392 4372 anteferrentur,
1413 4329 1449 4336 —
1472 4286 1675 4376 etquidem,
1696 4306 1776 4351 cum

652 4398 693 4465 ad
725 4419 803 4464 eam
824 4420 898 4464 rem
917 4399 1029 4487 ipsam
1063 4403 1206 4486 propter
1226 4417 1261 4461 se
1279 4393 1569 4462 considerandam
1599 4392 1718 4458 Cicero
1740 4412 1775 4456 se

687 4604 720 4666 (1)
736 4603 775 4653 Ct.
789 4604 827 4653 De
840 4603 894 4663 Oa,
909 4604 954 4662 lll,
970 4606 1008 4653 54.

686 4676 719 4737 (2)
736 4675 810 4725 Sicut
821 4674 920 4724 dicitur
931 4675 959 4723 in
974 4676 1066 4732 Brute,
1084 4675 1137 4723 llo.
1153 4673 1210 4735 (Gi,
1220 4688 1311 4737 supra,
1323 4689 1349 4737 p.
1364 4674 1412 4737 49.)

688 4749 710 4803 (3
732 4746 770 4796 Cl.
786 4748 821 4795 Dc
835 4746 890 4806 On,
909 4748 953 4805 lll,
966 4749 1010 4795 tas
1022 4746 1160 4808 (extremis
1177 4745 1285 4807 verbis).

689 4749 721 4880 (ll
738 4818 777 4867 lta
789 4817 887 4866 dicitur
904 4818 934 4866 in
947 4819 1035 4875 Bruto,
1048 4820 1101 4866 322.

688 4889 719 4948 (5)
737 4887 783 4944 Ct,
799 4889 835 4936 De
853 4888 906 4946 or,
923 4889 968 4947 ΙΙΙ,
986 4892 1044 4948 lot;
1061 4889 1236 4951 0r.‚125-126.

691 4960 723 5019 (6)
738 4958 775 5008 Cl.
790 4959 874 5016 Orat,
894 4961 946 5008 127.
966 4988 993 4995 -
1010 4958 1048 5009 Gt.
1068 4973 1159 5022 supra,
1176 4975 1201 5023 p.
1219 4960 1257 5006 50.
