<?xml version="1.0" encoding="UTF-8"?>
<!DOCTYPE html PUBLIC "-//W3C//DTD XHTML 1.0 Transitional//EN"
    "http://www.w3.org/TR/xhtml1/DTD/xhtml1-transitional.dtd">
<html xmlns="http://www.w3.org/1999/xhtml" xml:lang="en" lang="en">
 <head>
  <title>
</title>
<meta http-equiv="Content-Type" content="text/html;charset=utf-8" />
  <meta name='ocr-system' content='tesseract 3.04.00' />
  <meta name='ocr-capabilities' content='ocr_page ocr_carea ocr_par ocr_line ocrx_word'/>
</head>
<body>
  <div class='ocr_page' id='page_1' title='image "./quantumphilosop00liebgoog_0104.png"; bbox 0 0 4467 6167; ppageno 0'>
   <div class='ocr_carea' id='block_1_1' title="bbox 1023 819 1242 886">
    <p class='ocr_par' dir='ltr' id='par_1_1' title="bbox 1023 819 1242 886">
     <span class='ocr_line' id='line_1_1' title="bbox 1023 819 1242 886; baseline -0.009 0"><span class='ocrx_word' id='word_1_1' title='bbox 1023 819 1242 886; x_wconf 75' lang='lat' dir='ltr'>-et-&#39;</span> 
     </span>
    </p>
   </div>
   <div class='ocr_carea' id='block_1_2' title="bbox 554 978 1672 1722">
    <p class='ocr_par' dir='ltr' id='par_1_2' title="bbox 554 978 1672 1722">
     <span class='ocr_line' id='line_1_2' title="bbox 555 978 1671 1080; baseline -0.009 -23"><span class='ocrx_word' id='word_1_2' title='bbox 555 978 1671 1080; x_wconf 86' lang='lat' dir='ltr'>ipsamrecteiaciendirationemsummepertinere(l),-idcirco</span> 
     </span>
     <span class='ocr_line' id='line_1_3' title="bbox 556 1085 1671 1182; baseline -0.01 -19"><span class='ocrx_word' id='word_1_3' title='bbox 556 1099 602 1163; x_wconf 90' lang='lat' dir='ltr'>ita</span> <span class='ocrx_word' id='word_1_4' title='bbox 625 1095 746 1164; x_wconf 85' lang='lat' dir='ltr'>cadere</span> <span class='ocrx_word' id='word_1_5' title='bbox 766 1093 899 1176; x_wconf 90' lang='lat' dir='ltr'>debuit,</span> <span class='ocrx_word' id='word_1_6' title='bbox 924 1100 963 1161; x_wconf 90' lang='lat' dir='ltr'>ut</span> <span class='ocrx_word' id='word_1_7' title='bbox 988 1116 1039 1174; x_wconf 89' lang='lat' dir='ltr'>ea,</span> <span class='ocrx_word' id='word_1_8' title='bbox 1069 1114 1159 1182; x_wconf 88' lang='lat' dir='ltr'>quae</span> <span class='ocrx_word' id='word_1_9' title='bbox 1186 1089 1228 1157; x_wconf 92' lang='lat' dir='ltr'>de</span> <span class='ocrx_word' id='word_1_10' title='bbox 1259 1089 1366 1156; x_wconf 87' lang='lat' dir='ltr'>variis</span> <span class='ocrx_word' id='word_1_11' title='bbox 1382 1085 1671 1177; x_wconf 89' lang='lat' dir='ltr'>philosophorum</span> 
     </span>
     <span class='ocr_line' id='line_1_4' title="bbox 554 1194 1672 1291; baseline -0.013 -19"><span class='ocrx_word' id='word_1_12' title='bbox 554 1204 721 1272; x_wconf 87' lang='lat' dir='ltr'>doctrinis</span> <span class='ocrx_word' id='word_1_13' title='bbox 758 1243 772 1252; x_wconf 96' lang='lat'><em>-</em></span> <span class='ocrx_word' id='word_1_14' title='bbox 803 1200 965 1291; x_wconf 90' lang='lat' dir='ltr'>quamvis</span> <span class='ocrx_word' id='word_1_15' title='bbox 979 1198 1020 1266; x_wconf 87' lang='lat' dir='ltr'>ad</span> <span class='ocrx_word' id='word_1_16' title='bbox 1035 1197 1240 1288; x_wconf 78' lang='lat' dir='ltr'>popularem</span> <span class='ocrx_word' id='word_1_17' title='bbox 1255 1194 1525 1284; x_wconf 76' lang='lat' dir='ltr'>intelligentiam</span> <span class='ocrx_word' id='word_1_18' title='bbox 1542 1215 1672 1259; x_wconf 87' lang='lat' dir='ltr'>accom-</span> 
     </span>
     <span class='ocr_line' id='line_1_5' title="bbox 558 1299 1672 1398; baseline -0.012 -20"><span class='ocrx_word' id='word_1_19' title='bbox 558 1308 694 1378; x_wconf 87' lang='lat' dir='ltr'>modata</span> <span class='ocrx_word' id='word_1_20' title='bbox 712 1311 757 1398; x_wconf 85' lang='grc'><strong>(21</strong></span> <span class='ocrx_word' id='word_1_21' title='bbox 775 1314 855 1375; x_wconf 90' lang='lat' dir='ltr'>-ut</span> <span class='ocrx_word' id='word_1_22' title='bbox 871 1305 962 1396; x_wconf 91' lang='lat' dir='ltr'>apud</span> <span class='ocrx_word' id='word_1_23' title='bbox 974 1302 1129 1372; x_wconf 88' lang='lat' dir='ltr'>eruditos</span> <span class='ocrx_word' id='word_1_24' title='bbox 1144 1302 1258 1372; x_wconf 83' lang='lat' dir='ltr'>dicere</span> <span class='ocrx_word' id='word_1_25' title='bbox 1273 1324 1310 1369; x_wconf 88' lang='lat' dir='ltr'>se</span> <span class='ocrx_word' id='word_1_26' title='bbox 1325 1302 1359 1367; x_wconf 96' lang='lat' dir='ltr'>in</span> <span class='ocrx_word' id='word_1_27' title='bbox 1373 1299 1532 1391; x_wconf 88' lang='lat' dir='ltr'>pluribus</span> <span class='ocrx_word' id='word_1_28' title='bbox 1548 1301 1672 1367; x_wconf 91' lang='lat' dir='ltr'>oratio·</span> 
     </span>
     <span class='ocr_line' id='line_1_6' title="bbox 556 1403 1671 1501; baseline -0.013 -16"><span class='ocrx_word' id='word_1_29' title='bbox 556 1416 661 1484; x_wconf 92' lang='lat' dir='ltr'>nibus</span> <span class='ocrx_word' id='word_1_30' title='bbox 672 1417 718 1482; x_wconf 83' lang='lat' dir='ltr'>ait</span> <span class='ocrx_word' id='word_1_31' title='bbox 735 1416 802 1501; x_wconf 80' lang='lat'>(3),</span> <span class='ocrx_word' id='word_1_32' title='bbox 816 1412 858 1480; x_wconf 90' lang='lat' dir='ltr'>ad</span> <span class='ocrx_word' id='word_1_33' title='bbox 873 1434 995 1480; x_wconf 92' lang='lat' dir='ltr'>eorum</span> <span class='ocrx_word' id='word_1_34' title='bbox 1008 1409 1149 1479; x_wconf 88' lang='lat' dir='ltr'>vivendi</span> <span class='ocrx_word' id='word_1_35' title='bbox 1170 1414 1436 1500; x_wconf 88' lang='lat' dir='ltr'>praeceptorum</span> <span class='ocrx_word' id='word_1_36' title='bbox 1448 1403 1671 1475; x_wconf 89' lang='lat' dir='ltr'>commenda-</span> 
     </span>
     <span class='ocr_line' id='line_1_7' title="bbox 554 1510 1669 1611; baseline -0.016 -18"><span class='ocrx_word' id='word_1_37' title='bbox 554 1527 684 1593; x_wconf 78' lang='lat' dir='ltr'>tionem</span> <span class='ocrx_word' id='word_1_38' title='bbox 714 1523 884 1603; x_wconf 86' lang='lat' dir='ltr'>retulerit,</span> <span class='ocrx_word' id='word_1_39' title='bbox 906 1544 996 1611; x_wconf 89' lang='lat' dir='ltr'>quae</span> <span class='ocrx_word' id='word_1_40' title='bbox 1033 1519 1155 1587; x_wconf 91' lang='lat' dir='ltr'>eadem</span> <span class='ocrx_word' id='word_1_41' title='bbox 1187 1518 1223 1585; x_wconf 93' lang='lat' dir='ltr'>in</span> <span class='ocrx_word' id='word_1_42' title='bbox 1248 1537 1387 1585; x_wconf 88' lang='lat' dir='ltr'>summa</span> <span class='ocrx_word' id='word_1_43' title='bbox 1416 1519 1455 1582; x_wconf 90' lang='lat' dir='ltr'>ut</span> <span class='ocrx_word' id='word_1_44' title='bbox 1484 1513 1536 1579; x_wconf 91' lang='lat' dir='ltr'>vir</span> <span class='ocrx_word' id='word_1_45' title='bbox 1557 1510 1669 1578; x_wconf 88' lang='lat' dir='ltr'>civilis</span> 
     </span>
     <span class='ocr_line' id='line_1_8' title="bbox 554 1620 1623 1722; baseline -0.016 -22"><span class='ocrx_word' id='word_1_46' title='bbox 554 1639 658 1722; x_wconf 86' lang='lat' dir='ltr'>atque</span> <span class='ocrx_word' id='word_1_47' title='bbox 675 1637 712 1698; x_wconf 93' lang='lat' dir='ltr'>ut</span> <span class='ocrx_word' id='word_1_48' title='bbox 727 1628 956 1721; x_wconf 90' lang='lat' dir='ltr'>philosophus</span> <span class='ocrx_word' id='word_1_49' title='bbox 972 1628 1123 1695; x_wconf 85' lang='lat' dir='ltr'>maxime</span> <span class='ocrx_word' id='word_1_50' title='bbox 1133 1624 1279 1715; x_wconf 87' lang='lat' dir='ltr'>probare</span> <span class='ocrx_word' id='word_1_51' title='bbox 1305 1646 1341 1690; x_wconf 90' lang='lat' dir='ltr'>se</span> <span class='ocrx_word' id='word_1_52' title='bbox 1358 1620 1536 1713; x_wconf 83' lang='lat' dir='ltr'>professus</span> <span class='ocrx_word' id='word_1_53' title='bbox 1561 1624 1623 1685; x_wconf 87' lang='lat' dir='ltr'>est.</span> 
     </span>
    </p>
   </div>
   <div class='ocr_carea' id='block_1_3' title="bbox 1098 2022 1135 2077">
    <p class='ocr_par' dir='ltr' id='par_1_3' title="bbox 1098 2022 1135 2077">
     <span class='ocr_line' id='line_1_9' title="bbox 1098 2022 1135 2077; baseline -0.054 0"><span class='ocrx_word' id='word_1_54' title='bbox 1098 2022 1135 2077; x_wconf 93' lang='lat' dir='ltr'>lll</span> 
     </span>
    </p>
   </div>
   <div class='ocr_carea' id='block_1_4' title="bbox 557 2279 1737 3970">
    <p class='ocr_par' dir='ltr' id='par_1_4' title="bbox 557 2279 1737 3970">
     <span class='ocr_line' id='line_1_10' title="bbox 602 2279 1672 2371; baseline 0.001 -23"><span class='ocrx_word' id='word_1_55' title='bbox 602 2283 644 2348; x_wconf 83' lang='lat' dir='ltr'>Et</span> <span class='ocrx_word' id='word_1_56' title='bbox 666 2304 760 2359; x_wconf 88' lang='lat' dir='ltr'>vcro,</span> <span class='ocrx_word' id='word_1_57' title='bbox 774 2281 834 2371; x_wconf 93' lang='lat' dir='ltr'>qui</span> <span class='ocrx_word' id='word_1_58' title='bbox 854 2281 1027 2370; x_wconf 84' lang='lat' dir='ltr'>specimen</span> <span class='ocrx_word' id='word_1_59' title='bbox 1039 2279 1213 2370; x_wconf 79' lang='lat' dir='ltr'>quoddam</span> <span class='ocrx_word' id='word_1_60' title='bbox 1229 2280 1444 2348; x_wconf 79' lang='lat' dir='ltr'>constantiae</span> <span class='ocrx_word' id='word_1_61' title='bbox 1456 2281 1672 2350; x_wconf 84' lang='lat' dir='ltr'>humanitate</span> 
     </span>
     <span class='ocr_line' id='line_1_11' title="bbox 557 2383 1670 2478; baseline 0 -23"><span class='ocrx_word' id='word_1_62' title='bbox 557 2388 773 2477; x_wconf 83' lang='lat' dir='ltr'>conjunctae,</span> <span class='ocrx_word' id='word_1_63' title='bbox 790 2387 880 2453; x_wconf 88' lang='lat' dir='ltr'>sicut</span> <span class='ocrx_word' id='word_1_64' title='bbox 903 2383 1054 2451; x_wconf 89' lang='lat' dir='ltr'>diximus</span> <span class='ocrx_word' id='word_1_65' title='bbox 1070 2384 1132 2475; x_wconf 81' lang='grc'><strong>(1),</strong></span> <span class='ocrx_word' id='word_1_66' title='bbox 1148 2384 1181 2450; x_wconf 92' lang='lat' dir='ltr'>in</span> <span class='ocrx_word' id='word_1_67' title='bbox 1199 2408 1235 2452; x_wconf 86' lang='lat' dir='ltr'>se</span> <span class='ocrx_word' id='word_1_68' title='bbox 1246 2388 1388 2475; x_wconf 87' lang='lat' dir='ltr'>agnosci</span> <span class='ocrx_word' id='word_1_69' title='bbox 1413 2387 1562 2466; x_wconf 87' lang='lat' dir='ltr'>volebat,</span> <span class='ocrx_word' id='word_1_70' title='bbox 1585 2388 1670 2478; x_wconf 88' lang='lat' dir='ltr'>ejus-</span> 
     </span>
     <span class='ocr_line' id='line_1_12' title="bbox 558 2492 1672 2581; baseline -0.001 -19"><span class='ocrx_word' id='word_1_71' title='bbox 558 2495 636 2562; x_wconf 94' lang='lat' dir='ltr'>dem</span> <span class='ocrx_word' id='word_1_72' title='bbox 652 2493 796 2559; x_wconf 89' lang='lat' dir='ltr'>omnino</span> <span class='ocrx_word' id='word_1_73' title='bbox 811 2497 896 2572; x_wconf 86' lang='lat' dir='ltr'>erat,</span> <span class='ocrx_word' id='word_1_74' title='bbox 914 2513 994 2558; x_wconf 89' lang='lat' dir='ltr'>cum</span> <span class='ocrx_word' id='word_1_75' title='bbox 1010 2492 1045 2557; x_wconf 93' lang='lat' dir='ltr'>in</span> <span class='ocrx_word' id='word_1_76' title='bbox 1064 2515 1127 2559; x_wconf 91' lang='lat' dir='ltr'>sua</span> <span class='ocrx_word' id='word_1_77' title='bbox 1136 2514 1199 2581; x_wconf 83' lang='lat' dir='ltr'>pro</span> <span class='ocrx_word' id='word_1_78' title='bbox 1215 2494 1358 2561; x_wconf 81' lang='lat' dir='ltr'>Murena</span> <span class='ocrx_word' id='word_1_79' title='bbox 1372 2496 1528 2562; x_wconf 89' lang='lat' dir='ltr'>oratione</span> <span class='ocrx_word' id='word_1_80' title='bbox 1545 2495 1672 2562; x_wconf 88' lang='lat' dir='ltr'>Stoico-</span> 
     </span>
     <span class='ocr_line' id='line_1_13' title="bbox 560 2596 1673 2691; baseline 0.001 -25"><span class='ocrx_word' id='word_1_81' title='bbox 560 2621 638 2666; x_wconf 91' lang='lat' dir='ltr'>rum</span> <span class='ocrx_word' id='word_1_82' title='bbox 651 2598 841 2665; x_wconf 80' lang='lat' dir='ltr'>doctrinam</span> <span class='ocrx_word' id='word_1_83' title='bbox 858 2597 893 2663; x_wconf 94' lang='lat' dir='ltr'>in</span> <span class='ocrx_word' id='word_1_84' title='bbox 908 2596 1035 2664; x_wconf 87' lang='lat' dir='ltr'>Catone</span> <span class='ocrx_word' id='word_1_85' title='bbox 1055 2599 1325 2687; x_wconf 88' lang='lat' dir='ltr'>reprehenderet</span> <span class='ocrx_word' id='word_1_86' title='bbox 1346 2608 1513 2691; x_wconf 87' lang='lat' dir='ltr'>tanquam</span> <span class='ocrx_word' id='word_1_87' title='bbox 1532 2632 1547 2661; x_wconf 88' lang='lat'>«</span> <span class='ocrx_word' id='word_1_88' title='bbox 1573 2602 1673 2691; x_wconf 90' lang='lat' dir='ltr'>paulo</span> 
     </span>
     <span class='ocr_line' id='line_1_14' title="bbox 558 2703 1674 2794; baseline 0.002 -21"><span class='ocrx_word' id='word_1_89' title='bbox 558 2707 769 2792; x_wconf 81' lang='lat' dir='ltr'>asperiorem</span> <span class='ocrx_word' id='word_1_90' title='bbox 792 2710 852 2771; x_wconf 90' lang='lat' dir='ltr'>out</span> <span class='ocrx_word' id='word_1_91' title='bbox 867 2703 1043 2771; x_wconf 90' lang='lat' dir='ltr'>duriorem</span> <span class='ocrx_word' id='word_1_92' title='bbox 1081 2728 1187 2794; x_wconf 91' lang='lat' dir='ltr'>quam</span> <span class='ocrx_word' id='word_1_93' title='bbox 1215 2713 1276 2773; x_wconf 91' lang='lat' dir='ltr'>aut</span> <span class='ocrx_word' id='word_1_94' title='bbox 1306 2709 1432 2776; x_wconf 90' lang='lat' dir='ltr'>veritas</span> <span class='ocrx_word' id='word_1_95' title='bbox 1463 2715 1520 2776; x_wconf 92' lang='lat' dir='ltr'>aut</span> <span class='ocrx_word' id='word_1_96' title='bbox 1551 2718 1674 2776; x_wconf 90' lang='lat' dir='ltr'>natura</span> 
     </span>
     <span class='ocr_line' id='line_1_15' title="bbox 558 2810 1674 2906; baseline 0.004 -28"><span class='ocrx_word' id='word_1_97' title='bbox 558 2817 776 2901; x_wconf 81' lang='lat' dir='ltr'>pateretur»,</span> <span class='ocrx_word' id='word_1_98' title='bbox 803 2817 877 2877; x_wconf 90' lang='lat' dir='ltr'>turn</span> <span class='ocrx_word' id='word_1_99' title='bbox 894 2810 1527 2906; x_wconf 87' lang='lat' dir='ltr'>moderatioremtemperatioremque</span> <span class='ocrx_word' id='word_1_100' title='bbox 1547 2818 1674 2883; x_wconf 82' lang='lat' dir='ltr'>Acade-</span> 
     </span>
     <span class='ocr_line' id='line_1_16' title="bbox 559 2917 1674 3013; baseline 0.004 -28"><span class='ocrx_word' id='word_1_101' title='bbox 559 2920 729 2986; x_wconf 83' lang='lat' dir='ltr'>micorum</span> <span class='ocrx_word' id='word_1_102' title='bbox 746 2917 966 3006; x_wconf 90' lang='lat' dir='ltr'>disciplinam</span> <span class='ocrx_word' id='word_1_103' title='bbox 982 2918 1038 2999; x_wconf 80' lang='lat' dir='ltr'>ira,</span> <span class='ocrx_word' id='word_1_104' title='bbox 1055 2925 1092 2985; x_wconf 89' lang='lat' dir='ltr'>ut</span> <span class='ocrx_word' id='word_1_105' title='bbox 1115 2919 1209 3004; x_wconf 84' lang='lat' dir='ltr'>fecit,</span> <span class='ocrx_word' id='word_1_106' title='bbox 1228 2921 1297 2987; x_wconf 91' lang='lat' dir='ltr'>illis</span> <span class='ocrx_word' id='word_1_107' title='bbox 1313 2945 1488 3012; x_wconf 89' lang='lat' dir='ltr'>opponere</span> <span class='ocrx_word' id='word_1_108' title='bbox 1520 2923 1581 3013; x_wconf 80' lang='grc'>(5).</span> <span class='ocrx_word' id='word_1_109' title='bbox 1602 2924 1674 2989; x_wconf 90' lang='lat' dir='ltr'>Non</span> 
     </span>
     <span class='ocr_line' id='line_1_17' title="bbox 558 3025 1674 3117; baseline 0.001 -24"><span class='ocrx_word' id='word_1_110' title='bbox 558 3049 625 3116; x_wconf 93' lang='lat' dir='ltr'>quo</span> <span class='ocrx_word' id='word_1_111' title='bbox 641 3027 716 3115; x_wconf 92' lang='lat' dir='ltr'>ipsa</span> <span class='ocrx_word' id='word_1_112' title='bbox 731 3025 927 3093; x_wconf 90' lang='lat' dir='ltr'>Stoicorum</span> <span class='ocrx_word' id='word_1_113' title='bbox 944 3034 1125 3116; x_wconf 89' lang='lat' dir='ltr'>praecepta</span> <span class='ocrx_word' id='word_1_114' title='bbox 1145 3050 1165 3093; x_wconf 92' lang='lat' dir='ltr'>a</span> <span class='ocrx_word' id='word_1_115' title='bbox 1186 3029 1452 3117; x_wconf 88' lang='lat' dir='ltr'>praescribenda</span> <span class='ocrx_word' id='word_1_116' title='bbox 1476 3057 1492 3091; x_wconf 87' lang='lat'>«</span> <span class='ocrx_word' id='word_1_117' title='bbox 1509 3028 1674 3096; x_wconf 87' lang='lat' dir='ltr'>humani-</span> 
     </span>
     <span class='ocr_line' id='line_1_18' title="bbox 558 3133 1677 3222; baseline 0.002 -21"><span class='ocrx_word' id='word_1_118' title='bbox 558 3141 627 3201; x_wconf 88' lang='lat' dir='ltr'>tate</span> <span class='ocrx_word' id='word_1_119' title='bbox 647 3165 659 3193; x_wconf 70' lang='lat' dir='ltr'>o</span> <span class='ocrx_word' id='word_1_120' title='bbox 683 3138 916 3222; x_wconf 85' lang='lat' dir='ltr'>repugnarent</span> <span class='ocrx_word' id='word_1_121' title='bbox 937 3134 988 3222; x_wconf 83' lang='lat'>(6)</span> <span class='ocrx_word' id='word_1_122' title='bbox 1007 3153 1014 3200; x_wconf 92' lang='lat'><strong>:</strong></span> <span class='ocrx_word' id='word_1_123' title='bbox 1033 3133 1177 3222; x_wconf 86' lang='lat' dir='ltr'>sedjam</span> <span class='ocrx_word' id='word_1_124' title='bbox 1200 3134 1525 3220; x_wconf 63' lang='lat' dir='ltr'>animadvertimus</span> <span class='ocrx_word' id='word_1_125' title='bbox 1544 3136 1677 3204; x_wconf 88' lang='lat' dir='ltr'>Cicero-</span> 
     </span>
     <span class='ocr_line' id='line_1_19' title="bbox 560 3240 1677 3329; baseline 0.003 -23"><span class='ocrx_word' id='word_1_126' title='bbox 560 3263 638 3308; x_wconf 82' lang='lat' dir='ltr'>nem</span> <span class='ocrx_word' id='word_1_127' title='bbox 659 3263 721 3307; x_wconf 90' lang='lat' dir='ltr'>sua</span> <span class='ocrx_word' id='word_1_128' title='bbox 738 3240 877 3329; x_wconf 89' lang='lat' dir='ltr'>propria</span> <span class='ocrx_word' id='word_1_129' title='bbox 895 3248 1016 3305; x_wconf 87' lang='lat' dir='ltr'>natura</span> <span class='ocrx_word' id='word_1_130' title='bbox 1047 3240 1089 3307; x_wconf 89' lang='lat' dir='ltr'>ad</span> <span class='ocrx_word' id='word_1_131' title='bbox 1116 3241 1288 3329; x_wconf 84' lang='lat' dir='ltr'>ejusmodi</span> <span class='ocrx_word' id='word_1_132' title='bbox 1318 3242 1481 3310; x_wconf 89' lang='lat' dir='ltr'>virtutem</span> <span class='ocrx_word' id='word_1_133' title='bbox 1499 3264 1677 3309; x_wconf 91' lang='lat' dir='ltr'>commen-</span> 
     </span>
     <span class='ocr_line' id='line_1_20' title="bbox 559 3347 1677 3438; baseline 0.001 -25"><span class='ocrx_word' id='word_1_134' title='bbox 559 3347 708 3414; x_wconf 89' lang='lat' dir='ltr'>dandam</span> <span class='ocrx_word' id='word_1_135' title='bbox 724 3347 866 3413; x_wconf 87' lang='lat' dir='ltr'>ductum</span> <span class='ocrx_word' id='word_1_136' title='bbox 898 3369 984 3430; x_wconf 81' lang='lat' dir='ltr'>esse,</span> <span class='ocrx_word' id='word_1_137' title='bbox 1000 3370 1088 3436; x_wconf 90' lang='lat' dir='ltr'>quae</span> <span class='ocrx_word' id='word_1_138' title='bbox 1108 3348 1250 3416; x_wconf 90' lang='lat' dir='ltr'>lenitate</span> <span class='ocrx_word' id='word_1_139' title='bbox 1265 3348 1415 3438; x_wconf 92' lang='lat' dir='ltr'>quadam</span> <span class='ocrx_word' id='word_1_140' title='bbox 1430 3350 1540 3416; x_wconf 90' lang='lat' dir='ltr'>animi</span> <span class='ocrx_word' id='word_1_141' title='bbox 1570 3356 1603 3416; x_wconf 89' lang='lat' dir='ltr'>et</span> <span class='ocrx_word' id='word_1_142' title='bbox 1625 3348 1677 3415; x_wconf 90' lang='lat' dir='ltr'>his</span> 
     </span>
     <span class='ocr_line' id='line_1_21' title="bbox 558 3453 1678 3546; baseline 0.003 -26"><span class='ocrx_word' id='word_1_143' title='bbox 558 3453 769 3520; x_wconf 89' lang='lat' dir='ltr'>dulcissimis</span> <span class='ocrx_word' id='word_1_144' title='bbox 784 3453 974 3536; x_wconf 77' lang='lat' dir='ltr'>affectibuS,</span> <span class='ocrx_word' id='word_1_145' title='bbox 989 3453 1116 3543; x_wconf 89' lang='lat' dir='ltr'>quibus</span> <span class='ocrx_word' id='word_1_146' title='bbox 1136 3455 1334 3523; x_wconf 87' lang='lat' dir='ltr'>Academici</span> <span class='ocrx_word' id='word_1_147' title='bbox 1350 3479 1432 3523; x_wconf 91' lang='lat' dir='ltr'>sane</span> <span class='ocrx_word' id='word_1_148' title='bbox 1454 3456 1532 3546; x_wconf 94' lang='lat' dir='ltr'>plus</span> <span class='ocrx_word' id='word_1_149' title='bbox 1556 3478 1678 3523; x_wconf 89' lang='lat' dir='ltr'>conce-</span> 
     </span>
     <span class='ocr_line' id='line_1_22' title="bbox 559 3559 1737 3647; baseline 0.003 -21"><span class='ocrx_word' id='word_1_150' title='bbox 559 3559 691 3643; x_wconf 87' lang='lat' dir='ltr'>derent,</span> <span class='ocrx_word' id='word_1_151' title='bbox 736 3560 951 3625; x_wconf 87' lang='lat' dir='ltr'>misceretur.</span> <span class='ocrx_word' id='word_1_152' title='bbox 1003 3560 1072 3627; x_wconf 90' lang='lat' dir='ltr'>Nec</span> <span class='ocrx_word' id='word_1_153' title='bbox 1111 3583 1207 3643; x_wconf 89' lang='lat' dir='ltr'>vero,</span> <span class='ocrx_word' id='word_1_154' title='bbox 1252 3561 1337 3628; x_wconf 91' lang='lat' dir='ltr'>dum</span> <span class='ocrx_word' id='word_1_155' title='bbox 1370 3564 1611 3647; x_wconf 85' lang='lat' dir='ltr'>Academicos,</span> <span class='ocrx_word' id='word_1_156' title='bbox 1640 3571 1679 3632; x_wconf 89' lang='lat' dir='ltr'>ut</span> <span class='ocrx_word' id='word_1_157' title='bbox 1734 3572 1737 3577; x_wconf 86' lang='lat'>&#39;</span> 
     </span>
     <span class='ocr_line' id='line_1_23' title="bbox 561 3665 1675 3760; baseline 0.004 -27"><span class='ocrx_word' id='word_1_158' title='bbox 561 3695 576 3728; x_wconf 86' lang='lat'>«</span> <span class='ocrx_word' id='word_1_159' title='bbox 598 3689 679 3733; x_wconf 90' lang='lat' dir='ltr'>suos</span> <span class='ocrx_word' id='word_1_160' title='bbox 701 3695 731 3748; x_wconf 74' lang='lat' dir='ltr'>a,</span> <span class='ocrx_word' id='word_1_161' title='bbox 762 3666 810 3732; x_wconf 91' lang='lat' dir='ltr'>sic</span> <span class='ocrx_word' id='word_1_162' title='bbox 834 3665 1009 3752; x_wconf 87' lang='lat' dir='ltr'>laudabat,</span> <span class='ocrx_word' id='word_1_163' title='bbox 1035 3667 1168 3736; x_wconf 89' lang='lat' dir='ltr'>Stoicos</span> <span class='ocrx_word' id='word_1_164' title='bbox 1196 3670 1339 3737; x_wconf 92' lang='lat' dir='ltr'>omnino</span> <span class='ocrx_word' id='word_1_165' title='bbox 1370 3669 1571 3760; x_wconf 86' lang='lat' dir='ltr'>rejiciebat:</span> <span class='ocrx_word' id='word_1_166' title='bbox 1601 3670 1675 3749; x_wconf 88' lang='lat' dir='ltr'>sed,</span> 
     </span>
     <span class='ocr_line' id='line_1_24' title="bbox 558 3772 1678 3864; baseline 0.003 -25"><span class='ocrx_word' id='word_1_167' title='bbox 558 3774 641 3840; x_wconf 92' lang='lat' dir='ltr'>dum</span> <span class='ocrx_word' id='word_1_168' title='bbox 657 3772 767 3862; x_wconf 89' lang='lat' dir='ltr'>jocos,</span> <span class='ocrx_word' id='word_1_169' title='bbox 790 3795 876 3862; x_wconf 94' lang='lat' dir='ltr'>quos</span> <span class='ocrx_word' id='word_1_170' title='bbox 905 3774 1054 3862; x_wconf 89' lang='lat' dir='ltr'>tempori</span> <span class='ocrx_word' id='word_1_171' title='bbox 1087 3782 1120 3840; x_wconf 88' lang='lat' dir='ltr'>et</span> <span class='ocrx_word' id='word_1_172' title='bbox 1145 3795 1269 3840; x_wconf 90' lang='lat' dir='ltr'>causae</span> <span class='ocrx_word' id='word_1_173' title='bbox 1307 3780 1525 3841; x_wconf 90' lang='lat' dir='ltr'>concesserat</span> <span class='ocrx_word' id='word_1_174' title='bbox 1548 3775 1610 3864; x_wconf 80' lang='grc'><strong>(1),</strong></span> <span class='ocrx_word' id='word_1_175' title='bbox 1635 3776 1678 3843; x_wconf 89' lang='lat' dir='ltr'>ad</span> 
     </span>
     <span class='ocr_line' id='line_1_25' title="bbox 559 3880 1678 3970; baseline 0 -22"><span class='ocrx_word' id='word_1_176' title='bbox 559 3882 767 3949; x_wconf 90' lang='lat' dir='ltr'>severiorem</span> <span class='ocrx_word' id='word_1_177' title='bbox 787 3880 1014 3970; x_wconf 86' lang='lat' dir='ltr'>eamdemque</span> <span class='ocrx_word' id='word_1_178' title='bbox 1038 3880 1240 3969; x_wconf 88' lang='lat' dir='ltr'>aequiorem</span> <span class='ocrx_word' id='word_1_179' title='bbox 1253 3882 1445 3949; x_wconf 89' lang='lat' dir='ltr'>orationem</span> <span class='ocrx_word' id='word_1_180' title='bbox 1463 3881 1678 3961; x_wconf 86' lang='lat' dir='ltr'>traducebat,</span> 
     </span>
    </p>
   </div>
   <div class='ocr_carea' id='block_1_5' title="bbox 559 4106 1681 4746">
    <p class='ocr_par' dir='ltr' id='par_1_5' title="bbox 559 4106 1678 4233">
     <span class='ocr_line' id='line_1_26' title="bbox 559 4106 1678 4175; baseline -0.005 -13"><span class='ocrx_word' id='word_1_181' title='bbox 559 4114 586 4162; x_wconf 90' lang='lat' dir='ltr'>et</span> <span class='ocrx_word' id='word_1_182' title='bbox 600 4112 725 4171; x_wconf 82' lang='lat' dir='ltr'>facultas,</span> <span class='ocrx_word' id='word_1_183' title='bbox 748 4125 816 4175; x_wconf 89' lang='lat' dir='ltr'>quae</span> <span class='ocrx_word' id='word_1_184' title='bbox 828 4112 1047 4175; x_wconf 86' lang='lat' dir='ltr'>quantacumque</span> <span class='ocrx_word' id='word_1_185' title='bbox 1057 4110 1087 4160; x_wconf 92' lang='lat' dir='ltr'>in</span> <span class='ocrx_word' id='word_1_186' title='bbox 1107 4122 1152 4160; x_wconf 90' lang='lat' dir='ltr'>me</span> <span class='ocrx_word' id='word_1_187' title='bbox 1173 4110 1215 4159; x_wconf 84' lang='lat' dir='ltr'>est</span> <span class='ocrx_word' id='word_1_188' title='bbox 1228 4121 1371 4172; x_wconf 87' lang='lat' dir='ltr'>nunquam</span> <span class='ocrx_word' id='word_1_189' title='bbox 1386 4108 1536 4158; x_wconf 88' lang='lat' dir='ltr'>amicorum</span> <span class='ocrx_word' id='word_1_190' title='bbox 1549 4106 1678 4171; x_wconf 84' lang='lat' dir='ltr'>periculis</span> 
     </span>
     <span class='ocr_line' id='line_1_27' title="bbox 560 4183 684 4233; baseline 0.008 -1"><span class='ocrx_word' id='word_1_191' title='bbox 560 4183 655 4233; x_wconf 78' lang='lat' dir='ltr'>deluit.</span> <span class='ocrx_word' id='word_1_192' title='bbox 673 4203 684 4227; x_wconf 74' lang='lat' dir='ltr'>n</span> 
     </span>
    </p>

    <p class='ocr_par' dir='ltr' id='par_1_6' title="bbox 560 4250 1681 4746">
     <span class='ocr_line' id='line_1_28' title="bbox 592 4250 1681 4318; baseline -0.003 -16"><span class='ocrx_word' id='word_1_193' title='bbox 592 4256 624 4318; x_wconf 80' lang='grc'><strong>(1(</strong></span> <span class='ocrx_word' id='word_1_194' title='bbox 640 4255 678 4305; x_wconf 87' lang='lat' dir='ltr'>Cl.</span> <span class='ocrx_word' id='word_1_195' title='bbox 693 4257 722 4304; x_wconf 90' lang='lat' dir='ltr'>P.</span> <span class='ocrx_word' id='word_1_196' title='bbox 738 4252 821 4303; x_wconf 72' lang='lat' dir='ltr'>Arca</span> <span class='ocrx_word' id='word_1_197' title='bbox 839 4256 898 4303; x_wconf 82' lang='lat'>13...</span> <span class='ocrx_word' id='word_1_198' title='bbox 910 4255 933 4316; x_wconf 76' lang='lat' dir='ltr'>t«</span> <span class='ocrx_word' id='word_1_199' title='bbox 950 4253 1024 4312; x_wconf 85' lang='lat' dir='ltr'>Quae</span> <span class='ocrx_word' id='word_1_200' title='bbox 1035 4254 1058 4302; x_wconf 91' lang='lat' dir='ltr'>si</span> <span class='ocrx_word' id='word_1_201' title='bbox 1073 4253 1117 4302; x_wconf 90' lang='lat' dir='ltr'>cui</span> <span class='ocrx_word' id='word_1_202' title='bbox 1137 4252 1223 4302; x_wconf 87' lang='lat' dir='ltr'>levior</span> <span class='ocrx_word' id='word_1_203' title='bbox 1236 4251 1374 4302; x_wconf 85' lang='lat' dir='ltr'>videtur...</span> <span class='ocrx_word' id='word_1_204' title='bbox 1386 4271 1408 4310; x_wconf 76' lang='lat' dir='ltr'>n,</span> <span class='ocrx_word' id='word_1_205' title='bbox 1421 4251 1492 4313; x_wconf 80' lang='grc'><strong>313),</strong></span> <span class='ocrx_word' id='word_1_206' title='bbox 1506 4278 1535 4287; x_wconf 82' lang='grc'>-</span> <span class='ocrx_word' id='word_1_207' title='bbox 1551 4250 1632 4299; x_wconf 85' lang='grc'><strong>11-16.</strong></span> <span class='ocrx_word' id='word_1_208' title='bbox 1648 4278 1681 4286; x_wconf 97' lang='grc'>-</span> 
     </span>
     <span class='ocr_line' id='line_1_29' title="bbox 560 4322 1680 4389; baseline -0.003 -13"><span class='ocrx_word' id='word_1_209' title='bbox 560 4326 597 4376; x_wconf 82' lang='lat' dir='ltr'>Cf.</span> <span class='ocrx_word' id='word_1_210' title='bbox 613 4326 640 4374; x_wconf 82' lang='lat' dir='ltr'>io</span> <span class='ocrx_word' id='word_1_211' title='bbox 654 4327 783 4384; x_wconf 74' lang='lat' dir='ltr'>Pisonem,</span> <span class='ocrx_word' id='word_1_212' title='bbox 799 4327 827 4373; x_wconf 82' lang='grc'>11</span> <span class='ocrx_word' id='word_1_213' title='bbox 841 4343 847 4374; x_wconf 89' lang='lat'><strong>:</strong></span> <span class='ocrx_word' id='word_1_214' title='bbox 865 4344 905 4374; x_wconf 89' lang='lat'>«...</span> <span class='ocrx_word' id='word_1_215' title='bbox 919 4325 941 4373; x_wconf 84' lang='lat' dir='ltr'>st</span> <span class='ocrx_word' id='word_1_216' title='bbox 957 4324 1067 4386; x_wconf 88' lang='lat' dir='ltr'>quidem</span> <span class='ocrx_word' id='word_1_217' title='bbox 1080 4323 1260 4389; x_wconf 87' lang='lat' dir='ltr'>philosophia,</span> <span class='ocrx_word' id='word_1_218' title='bbox 1276 4325 1307 4373; x_wconf 90' lang='lat' dir='ltr'>ut</span> <span class='ocrx_word' id='word_1_219' title='bbox 1323 4322 1415 4382; x_wconf 84' lang='lat' dir='ltr'>fertur,</span> <span class='ocrx_word' id='word_1_220' title='bbox 1432 4322 1541 4371; x_wconf 88' lang='lat' dir='ltr'>virtutis</span> <span class='ocrx_word' id='word_1_221' title='bbox 1552 4322 1680 4373; x_wconf 82' lang='lat' dir='ltr'>&#39;continet</span> 
     </span>
     <span class='ocr_line' id='line_1_30' title="bbox 561 4395 1159 4459; baseline -0.005 -12"><span class='ocrx_word' id='word_1_222' title='bbox 561 4401 588 4447; x_wconf 91' lang='lat' dir='ltr'>et</span> <span class='ocrx_word' id='word_1_223' title='bbox 602 4397 685 4446; x_wconf 87' lang='lat' dir='ltr'>olficii</span> <span class='ocrx_word' id='word_1_224' title='bbox 700 4400 727 4447; x_wconf 90' lang='lat' dir='ltr'>et</span> <span class='ocrx_word' id='word_1_225' title='bbox 742 4397 811 4446; x_wconf 91' lang='lat' dir='ltr'>bene</span> <span class='ocrx_word' id='word_1_226' title='bbox 826 4395 933 4445; x_wconf 89' lang='lat' dir='ltr'>vivendi</span> <span class='ocrx_word' id='word_1_227' title='bbox 949 4395 1131 4459; x_wconf 87' lang='lat' dir='ltr'>disciplinam.</span> <span class='ocrx_word' id='word_1_228' title='bbox 1148 4415 1159 4438; x_wconf 77' lang='lat' dir='ltr'>o</span> 
     </span>
     <span class='ocr_line' id='line_1_31' title="bbox 603 4463 1596 4530; baseline -0.003 -13"><span class='ocrx_word' id='word_1_229' title='bbox 603 4467 680 4523; x_wconf 73' lang='grc'><strong>21111.</strong></span> <span class='ocrx_word' id='word_1_230' title='bbox 697 4469 734 4517; x_wconf 84' lang='lat' dir='ltr'>De</span> <span class='ocrx_word' id='word_1_231' title='bbox 749 4466 846 4525; x_wconf 70' lang='lat' dir='ltr'>Finit,</span> <span class='ocrx_word' id='word_1_232' title='bbox 863 4467 905 4524; x_wconf 88' lang='lat' dir='ltr'>lV,</span> <span class='ocrx_word' id='word_1_233' title='bbox 921 4468 951 4514; x_wconf 84' lang='grc'>14</span> <span class='ocrx_word' id='word_1_234' title='bbox 967 4482 973 4513; x_wconf 80' lang='lat' dir='ltr'><em>z</em></span> <span class='ocrx_word' id='word_1_235' title='bbox 991 4485 1001 4508; x_wconf 72' lang='grc'>1</span> <span class='ocrx_word' id='word_1_236' title='bbox 1018 4466 1096 4530; x_wconf 87' lang='lat' dir='ltr'>Apud</span> <span class='ocrx_word' id='word_1_237' title='bbox 1107 4465 1248 4529; x_wconf 87' lang='lat' dir='ltr'>imperitos</span> <span class='ocrx_word' id='word_1_238' title='bbox 1259 4469 1319 4515; x_wconf 91' lang='lat' dir='ltr'>tum</span> <span class='ocrx_word' id='word_1_239' title='bbox 1334 4463 1382 4514; x_wconf 83' lang='lat' dir='ltr'>illa</span> <span class='ocrx_word' id='word_1_240' title='bbox 1396 4464 1570 4515; x_wconf 87' lang='lat' dir='ltr'>dictasunt..</span> <span class='ocrx_word' id='word_1_241' title='bbox 1585 4483 1596 4508; x_wconf 79' lang='lat' dir='ltr'>n</span> 
     </span>
     <span class='ocr_line' id='line_1_32' title="bbox 603 4534 1351 4604; baseline -0.004 -14"><span class='ocrx_word' id='word_1_242' title='bbox 603 4543 625 4604; x_wconf 89' lang='grc'>3)</span> <span class='ocrx_word' id='word_1_243' title='bbox 640 4540 680 4589; x_wconf 74' lang='lat' dir='ltr'>(Il.</span> <span class='ocrx_word' id='word_1_244' title='bbox 696 4541 722 4588; x_wconf 87' lang='lat' dir='ltr'>P.</span> <span class='ocrx_word' id='word_1_245' title='bbox 734 4540 854 4598; x_wconf 84' lang='lat' dir='ltr'>Murena,</span> <span class='ocrx_word' id='word_1_246' title='bbox 868 4540 895 4587; x_wconf 84' lang='lat'>61</span> <span class='ocrx_word' id='word_1_247' title='bbox 907 4552 913 4597; x_wconf 90' lang='lat'>;</span> <span class='ocrx_word' id='word_1_248' title='bbox 927 4539 955 4587; x_wconf 90' lang='lat' dir='ltr'>P.</span> <span class='ocrx_word' id='word_1_249' title='bbox 970 4534 1090 4594; x_wconf 79' lang='grc' dir='ltr'><strong>Α1·311.,3</strong></span> <span class='ocrx_word' id='word_1_250' title='bbox 1106 4538 1153 4597; x_wconf 84' lang='grc'><strong>;1’3</strong></span> <span class='ocrx_word' id='word_1_251' title='bbox 1168 4537 1298 4597; x_wconf 82' lang='lat' dir='ltr'>Pisonem,</span> <span class='ocrx_word' id='word_1_252' title='bbox 1310 4538 1351 4587; x_wconf 83' lang='lat'>68.</span> 
     </span>
     <span class='ocr_line' id='line_1_33' title="bbox 602 4608 1346 4674; baseline -0.003 -14"><span class='ocrx_word' id='word_1_253' title='bbox 602 4614 625 4673; x_wconf 82' lang='grc'>1)</span> <span class='ocrx_word' id='word_1_254' title='bbox 642 4612 679 4665; x_wconf 78' lang='lat' dir='ltr'>Gt.</span> <span class='ocrx_word' id='word_1_255' title='bbox 696 4614 846 4660; x_wconf 82' lang='lat' dir='ltr'>extremam</span> <span class='ocrx_word' id='word_1_256' title='bbox 863 4614 968 4674; x_wconf 87' lang='lat' dir='ltr'>partem</span> <span class='ocrx_word' id='word_1_257' title='bbox 982 4608 1128 4672; x_wconf 86' lang='lat' dir='ltr'>superioris</span> <span class='ocrx_word' id='word_1_258' title='bbox 1142 4609 1247 4671; x_wconf 86' lang='lat' dir='ltr'>capitis,</span> <span class='ocrx_word' id='word_1_259' title='bbox 1263 4623 1290 4672; x_wconf 90' lang='lat' dir='ltr'>p.</span> <span class='ocrx_word' id='word_1_260' title='bbox 1304 4610 1346 4658; x_wconf 82' lang='lat'>82.</span> 
     </span>
     <span class='ocr_line' id='line_1_34' title="bbox 602 4682 962 4746; baseline -0.008 -14"><span class='ocrx_word' id='word_1_261' title='bbox 602 4687 625 4746; x_wconf 83' lang='lat'>5)</span> <span class='ocrx_word' id='word_1_262' title='bbox 643 4683 680 4732; x_wconf 80' lang='lat' dir='ltr'>Gi.</span> <span class='ocrx_word' id='word_1_263' title='bbox 697 4685 725 4732; x_wconf 87' lang='lat' dir='ltr'>P.</span> <span class='ocrx_word' id='word_1_264' title='bbox 742 4684 863 4742; x_wconf 79' lang='lat' dir='ltr'>Murena,</span> <span class='ocrx_word' id='word_1_265' title='bbox 879 4682 962 4730; x_wconf 87' lang='grc'><strong>60-63.</strong></span> 
     </span>
    </p>
   </div>
   <div class='ocr_carea' id='block_1_6' title="bbox 591 4472 601 4744">
    <p class='ocr_par' dir='ltr' id='par_1_7' title="bbox 591 4472 601 4744">
     <span class='ocr_line' id='line_1_35' title="bbox 591 4472 601 4531; baseline 0 0"><span class='ocrx_word' id='word_1_266' title='bbox 591 4472 601 4531; x_wconf 92' lang='grc'>(</span> 
     </span>
     <span class='ocr_line' id='line_1_36' title="bbox 593 4544 599 4600; baseline 0 0"><span class='ocrx_word' id='word_1_267' title='bbox 593 4544 599 4600; x_wconf 87' lang='grc'>1</span> 
     </span>
     <span class='ocr_line' id='line_1_37' title="bbox 593 4613 600 4675; baseline 0 0"><span class='ocrx_word' id='word_1_268' title='bbox 593 4613 600 4675; x_wconf 83' lang='grc'>1</span> 
     </span>
     <span class='ocr_line' id='line_1_38' title="bbox 593 4686 599 4744; baseline 0 0"><span class='ocrx_word' id='word_1_269' title='bbox 593 4686 599 4744; x_wconf 87' lang='grc'>1</span> 
     </span>
    </p>
   </div>
   <div class='ocr_carea' id='block_1_7' title="bbox 593 4752 1679 4889">
    <p class='ocr_par' dir='ltr' id='par_1_8' title="bbox 593 4752 1679 4889">
     <span class='ocr_line' id='line_1_39' title="bbox 594 4752 1513 4819; baseline -0.013 -14"><span class='ocrx_word' id='word_1_270' title='bbox 594 4756 626 4819; x_wconf 88' lang='lat'>(6)</span> <span class='ocrx_word' id='word_1_271' title='bbox 642 4754 680 4805; x_wconf 85' lang='lat' dir='ltr'>cf.</span> <span class='ocrx_word' id='word_1_272' title='bbox 697 4756 735 4804; x_wconf 85' lang='lat' dir='ltr'>De</span> <span class='ocrx_word' id='word_1_273' title='bbox 748 4752 836 4801; x_wconf 81' lang='lat' dir='ltr'>Finib.</span> <span class='ocrx_word' id='word_1_274' title='bbox 853 4754 898 4812; x_wconf 92' lang='grc'><strong>111,</strong></span> <span class='ocrx_word' id='word_1_275' title='bbox 914 4754 943 4801; x_wconf 84' lang='grc'><strong>63</strong></span> <span class='ocrx_word' id='word_1_276' title='bbox 958 4765 1016 4815; x_wconf 90' lang='lat' dir='ltr'>sqq.</span> <span class='ocrx_word' id='word_1_277' title='bbox 1128 4754 1138 4767; x_wconf 88' lang='lat'><strong>·</strong></span> <span class='ocrx_word' id='word_1_278' title='bbox 1417 4788 1419 4793; x_wconf 95' lang='lat'>.</span> <span class='ocrx_word' id='word_1_279' title='bbox 1510 4806 1513 4812; x_wconf 87' lang='lat'>.</span> 
     </span>
     <span class='ocr_line' id='line_1_40' title="bbox 593 4820 1679 4889; baseline -0.005 -15"><span class='ocrx_word' id='word_1_280' title='bbox 593 4828 624 4889; x_wconf 81' lang='grc'><strong>(1)</strong></span> <span class='ocrx_word' id='word_1_281' title='bbox 644 4826 725 4876; x_wconf 88' lang='lat' dir='ltr'>Velut</span> <span class='ocrx_word' id='word_1_282' title='bbox 740 4840 801 4875; x_wconf 90' lang='lat' dir='ltr'>cum</span> <span class='ocrx_word' id='word_1_283' title='bbox 814 4824 929 4886; x_wconf 84' lang='lat' dir='ltr'>dicebat,</span> <span class='ocrx_word' id='word_1_284' title='bbox 944 4821 1095 4873; x_wconf 90' lang='lat' dir='ltr'>secundum</span> <span class='ocrx_word' id='word_1_285' title='bbox 1111 4823 1239 4874; x_wconf 89' lang='lat' dir='ltr'>Stoicos«</span> <span class='ocrx_word' id='word_1_286' title='bbox 1255 4834 1311 4870; x_wconf 92' lang='lat' dir='ltr'>non</span> <span class='ocrx_word' id='word_1_287' title='bbox 1326 4822 1417 4871; x_wconf 91' lang='lat' dir='ltr'>minus</span> <span class='ocrx_word' id='word_1_288' title='bbox 1435 4820 1590 4884; x_wconf 86' lang='lat' dir='ltr'>delinquere</span> <span class='ocrx_word' id='word_1_289' title='bbox 1606 4834 1679 4879; x_wconf 80' lang='lat' dir='ltr'>eum,</span> 
     </span>
    </p>
   </div>
   <div class='ocr_carea' id='block_1_8' title="bbox 560 4893 1681 5025">
    <p class='ocr_par' dir='ltr' id='par_1_9' title="bbox 560 4893 1681 5025">
     <span class='ocr_line' id='line_1_41' title="bbox 562 4893 1681 4960; baseline -0.006 -14"><span class='ocrx_word' id='word_1_290' title='bbox 562 4898 608 4960; x_wconf 89' lang='lat' dir='ltr'>qui</span> <span class='ocrx_word' id='word_1_291' title='bbox 623 4897 727 4959; x_wconf 85' lang='lat' dir='ltr'>gallum</span> <span class='ocrx_word' id='word_1_292' title='bbox 751 4896 942 4960; x_wconf 84' lang='lat' dir='ltr'>gallinaceum,</span> <span class='ocrx_word' id='word_1_293' title='bbox 953 4909 1016 4945; x_wconf 91' lang='lat' dir='ltr'>cum</span> <span class='ocrx_word' id='word_1_294' title='bbox 1031 4908 1100 4957; x_wconf 91' lang='lat' dir='ltr'>opus</span> <span class='ocrx_word' id='word_1_295' title='bbox 1127 4909 1183 4945; x_wconf 90' lang='lat' dir='ltr'>non</span> <span class='ocrx_word' id='word_1_296' title='bbox 1197 4893 1302 4953; x_wconf 88' lang='lat' dir='ltr'>suisset,</span> <span class='ocrx_word' id='word_1_297' title='bbox 1315 4906 1399 4956; x_wconf 85' lang='lat' dir='ltr'>quam</span> <span class='ocrx_word' id='word_1_298' title='bbox 1421 4906 1492 4950; x_wconf 80' lang='lat' dir='ltr'>eum,</span> <span class='ocrx_word' id='word_1_299' title='bbox 1516 4895 1561 4955; x_wconf 89' lang='lat' dir='ltr'>qui</span> <span class='ocrx_word' id='word_1_300' title='bbox 1573 4896 1681 4956; x_wconf 88' lang='lat' dir='ltr'>patrem</span> 
     </span>
     <span class='ocr_line' id='line_1_42' title="bbox 560 4966 1103 5025; baseline -0.006 -7"><span class='ocrx_word' id='word_1_301' title='bbox 560 4966 759 5018; x_wconf 84' lang='lat' dir='ltr'>suffocavisset.</span> <span class='ocrx_word' id='word_1_302' title='bbox 777 4968 840 5017; x_wconf 72' lang='grc'><strong>1111.</strong></span> <span class='ocrx_word' id='word_1_303' title='bbox 856 4969 894 5016; x_wconf 88' lang='lat' dir='ltr'>De</span> <span class='ocrx_word' id='word_1_304' title='bbox 905 4967 993 5017; x_wconf 78' lang='lat' dir='ltr'>Finit.</span> <span class='ocrx_word' id='word_1_305' title='bbox 1010 4967 1052 5025; x_wconf 91' lang='lat' dir='ltr'>lV,</span> <span class='ocrx_word' id='word_1_306' title='bbox 1064 4968 1103 5015; x_wconf 83' lang='grc'>11.</span> 
     </span>
    </p>
   </div>
   <div class='ocr_carea' id='block_1_9' title="bbox 0 0 2246 6164">
    <p class='ocr_par' dir='ltr' id='par_1_10' title="bbox 0 0 2246 6164">
     <span class='ocr_line' id='line_1_43' title="bbox 0 0 2246 6164; baseline 0 0"><span class='ocrx_word' id='word_1_307' title='bbox 0 0 2246 6164; x_wconf 95' lang='lat' dir='ltr'> </span> 
     </span>
    </p>
   </div>
  </div>
 </body>
</html>
