4467 6167
1126 871 1298 936 ..30-

669 1043 751 1126 tiae,
777 1063 882 1130 quam
908 1041 944 1106 in
969 1041 1124 1108 Phaedro
1152 1042 1250 1110 Plato
1274 1042 1402 1109 oratori
1433 1042 1652 1126 attribuerat,
1684 1044 1786 1132 quasi

668 1149 880 1215 lineamenta
911 1153 1049 1215 secutus
1083 1171 1158 1217 esse
1178 1149 1328 1226 videtur,
1350 1150 1400 1216 ita
1418 1156 1550 1233 tamen,
1577 1156 1616 1217 ut
1640 1174 1659 1217 a
1680 1150 1789 1217 subli-

669 1254 839 1322 mioribus
854 1255 1008 1322 Platonis
1021 1257 1183 1323 formulis
1203 1256 1245 1323 ad
1266 1256 1492 1323 humiliorem
1512 1257 1604 1324 vitae
1628 1255 1788 1325 conside·

623 1400 625 1404 ·
670 1363 839 1430 rationem
857 1384 930 1428 rem
952 1360 1132 1430 reduceret
1154 1416 1161 1429 .

712 1470 790 1537 -lam
811 1491 904 1551 vero,
917 1474 954 1535 ut
970 1491 1030 1559 per
1055 1469 1210 1559 singulas
1232 1470 1281 1536 rei
1300 1469 1348 1536 ita
1367 1470 1558 1559 explicatae
1578 1477 1695 1561 partes
1713 1472 1785 1538 Pla·

669 1577 761 1643 tonis
791 1575 1059 1643 similitudinem
1086 1575 1201 1643 verbis
1233 1576 1349 1665 potius
1378 1598 1485 1666 quam
1520 1577 1623 1644 rebus
1647 1601 1787 1667 expres-

670 1704 744 1750 sam
772 1681 818 1772 (l)
840 1679 932 1772 apud
960 1681 1163 1749 Ciceronem
1196 1683 1410 1768 invenimus,
1446 1684 1496 1751 sio
1525 1706 1602 1752 eam
1631 1686 1786 1753 maxime

669 1790 832 1878 persequi
848 1788 926 1855 licet
941 1811 1003 1877 per
1016 1812 1093 1856 eam
1110 1789 1213 1856 latius
1234 1795 1410 1879 patentem
1425 1791 1595 1858 rationem
1608 1813 1715 1880 quam
1736 1814 1787 1859 se-

671 1918 780 1985 quens
807 1896 852 1961 M.
881 1896 1017 1963 Tullius
1048 1896 1082 1961 in
1113 1895 1182 1962 illis
1210 1895 1250 1964 de
1273 1897 1414 1964 Oratore
1441 1896 1540 1964 libris
1555 1919 1636 1965 oum
1660 1920 1788 1987 magna

670 2000 915 2092 philosophiae
934 1999 1235 2070 commendatione
1253 2003 1441 2092 quamdam
1460 2005 1573 2093 ipsius
1592 2004 1787 2073 rhetoricae

669 2106 910 2199 despiciendae
930 2108 1160 2176 intentionem
1195 2109 1415 2199 conjunxisse
1439 2110 1590 2179 videtur.
1617 2112 1707 2179 Nam
1728 2112 1787 2181 ille

670 2216 707 2282 in
728 2216 882 2283 Phaedro
903 2214 1073 2294 Socrates,
1097 2214 1181 2283 dum
1198 2216 1396 2285 dialecticae
1417 2218 1652 2307 cognitionem
1674 2219 1786 2286 maxi-

670 2345 878 2411 marumque
922 2344 1037 2389 rerum
1078 2324 1258 2391 scientiam
1294 2326 1424 2392 oratori
1455 2326 1688 2393 necessariam
1712 2348 1787 2393 esse

670 2427 780 2511 docet,
803 2428 868 2497 hoc
884 2430 987 2496 etiam
1010 2428 1075 2496 sibi
1105 2453 1298 2521 proponere
1320 2431 1469 2513 videtur,
1495 2437 1532 2498 ut
1555 2430 1785 2513 demonstret,

671 2557 747 2602 eam
767 2542 889 2623 artem,
921 2559 1009 2625 quae
1034 2538 1139 2628 vulgo
1165 2538 1333 2606 rhetorica
1359 2539 1564 2629 appelletur,
1587 2579 1628 2588 -
1657 2538 1699 2606 de
1719 2561 1787 2628 qna

671 2642 811 2731 quidem
850 2666 869 2709 a
903 2642 1059 2709 Phaedro
1091 2646 1298 2734 simpliciter
1336 2647 1584 2735 interrogatur,
1620 2652 1786 2735 tanquam

671 2772 747 2816 eam
764 2751 967 2839 praeteriret
988 2754 1035 2839 (2)
1071 2793 1104 2803 -
1138 2759 1198 2820 aut
1224 2752 1312 2819 nihil
1332 2760 1392 2820 aut
1425 2752 1557 2843 aliquid
1588 2775 1717 2820 vanum
1749 2775 1788 2819 ac

672 2856 923 2945 perridicnlum
955 2880 1060 2925 esse:
1095 2881 1201 2948 quam
1236 2858 1394 2926 eamdem
1428 2860 1616 2949 ancipitem
1648 2863 1787 2925 senlen-

670 2964 768 3049 tiam,
799 2963 1012 3031 Charmadae
1027 2963 1238 3055 philosopho
1273 2964 1376 3054 (siout
1395 2965 1594 3033 notavimus
1612 2964 1677 3055 (3))
1699 2965 1786 3031 assi-

671 3078 825 3159 gnatam,
859 3094 939 3139 onm
967 3073 1141 3139 Antonius
1172 3073 1206 3137 in
1240 3095 1437 3139 sermonem
1471 3093 1491 3138 a
1533 3070 1698 3138 Cicerone
1733 3092 1787 3135 ex-

671 3202 829 3270 pressum
867 3178 1072 3262 introduxit,
1111 3186 1188 3247 tum
1218 3180 1375 3262 Crassus,
1409 3178 1585 3269 explicans
1614 3184 1787 3267 quatenus

670 3289 847 3376 intellegat
858 3293 968 3354 artem
989 3309 1071 3354 sane
1086 3287 1242 3376 aliquam
1259 3310 1333 3355 esse
1348 3285 1484 3354 dicendi
1497 3284 1561 3374 (l),
1572 3294 1606 3352 et
1621 3307 1698 3351 eam
1714 3286 1787 3374 qni-

670 3395 749 3463 dem
768 3417 838 3461 non
855 3392 1110 3483 negligendam,
1137 3393 1212 3483 ejus
1232 3401 1346 3462 tamen
1370 3398 1554 3485 praecepta
1586 3413 1622 3459 se
1648 3393 1788 3459 nonita

671 3501 918 3589 magnifacere
938 3508 972 3566 et
985 3502 1059 3590 ipse
1088 3506 1207 3590 aperte
1223 3502 1405 3591 profitetur
1425 3502 1476 3589 (5)
1501 3505 1535 3566 et
1550 3500 1662 3588 magis
1682 3500 1786 3566 etiam

671 3608 843 3697 significat
867 3606 951 3674 dnm
971 3608 1008 3673 in
1034 3606 1088 3673 his
1104 3609 1236 3675 cursim
1262 3605 1510 3676 enumerandis
1535 3606 1581 3696 (o)
1606 3606 1704 3673 illam
1726 3606 1787 3674 So-

671 3716 775 3783 cratis
798 3745 812 3777 «
836 3716 1016 3783 ironiam»
1043 3715 1091 3805 (7)
1122 3715 1253 3782 imitari
1274 3714 1435 3798 videtur,
1456 3736 1571 3803 neque
1595 3713 1704 3800 igitur
1718 3714 1788 3781 for-

670 3823 758 3890 tuito
791 3823 923 3901 incidit,
947 3821 1092 3890 utidem
1112 3823 1148 3889 in
1174 3823 1273 3889 tertio
1304 3821 1390 3889 libro
1409 3820 1620 3912 quibusdam
1650 3808 1789 3889 senlen-

673 3931 731 3996 tiis
756 3930 911 4018 proxime
941 3928 1079 3996 accedat
1117 3927 1158 3993 ad
1194 3929 1306 4017 ipsam
1339 3928 1598 3995 conclusionem
1636 3928 1788 3996 Socratis

659 4036 871 4104 'Phaedrum
905 4038 953 4103 sic
993 4036 1203 4126 alloquentis
1223 4035 1295 4125 (8):
1319 4064 1334 4097 n
1363 4033 1393 4087 Εἴ
1428 4032 1474 4106 ptr
1494 4054 1536 4088 σοι
1567 4033 1685 4109 trappa
1710 4034 1786 4112 φύσει

703 4254 736 4314 (1)
752 4252 800 4301 Vel
813 4251 841 4300 in
855 4251 974 4309 Oratore,
990 4250 1037 4299 uhi
1052 4263 1084 4298 ea
1101 4248 1133 4297 de
1147 4245 1288 4297 dialectica
1302 4243 1491 4307 cognoscenda
1503 4243 1571 4293 ratio
1586 4243 1678 4293 addita
1694 4246 1742 4293 est.

703 4327 736 4386 lt)
751 4323 789 4373 Cf.
803 4323 921 4372 Plraedr.
936 4325 980 4371 266
993 4324 1021 4380 B,
1034 4322 1061 4380 C,
1076 4322 1095 4370 D
1116 4323 1158 4384 (et
1173 4333 1254 4382 supra
1270 4319 1314 4367 260
1329 4318 1368 4380 Ε).

657 4434 659 4441 ,
704 4399 736 4458 (3)
754 4396 792 4444 Cl.
807 4409 897 4459 supra,
913 4410 939 4458 p.
956 4396 1039 4442 24-25.

704 4470 736 4529 (4)
748 4466 786 4516 Cf.
805 4468 840 4515 De
857 4467 899 4515 Or.
917 4469 935 4524 l,
948 4467 992 4514 102
1007 4479 1065 4528 sqq.
1080 4463 1128 4526 (sic
1143 4462 1246 4520 statuit,
1260 4474 1321 4510 eam
1335 4474 1394 4509 esse
1410 4472 1441 4508 eo
1454 4472 1546 4516 sensu,
1560 4471 1613 4521 quo
1625 4457 1789 4508 Charmadas

671 4536 777 4587 dicebat
794 4538 843 4600 (86)
859 4551 920 4586 earn
936 4541 1094 4600 pertenuem
1109 4548 1178 4592 esse,
1196 4561 1225 4569 -
1239 4547 1295 4582 non
1306 4547 1346 4592 eo,
1370 4546 1423 4595 quo
1441 4530 1514 4581 idem
1530 4544 1590 4580 eam
1606 4529 1714 4579 nullam
1726 4543 1785 4580 esse

672 4610 762 4659 aiebat
776 4611 835 4673 (Οἳ).

702 4682 735 4742 (5)
753 4683 789 4730 De
804 4681 846 4729 Or.
867 4681 885 4738 l,
904 4678 1013 4738 109301.
1031 4679 1074 4737 lli,
1091 4680 1133 4727 at.

704 4755 736 4816 (6)
753 4753 790 4801 De
808 4752 852 4801 Or.
869 4753 888 4810 l,
905 4753 1018 4807 l3t-lltj‚
1033 4751 1081 4799 uhi
1102 4749 1135 4799 de
1155 4749 1257 4799 eisdem
1278 4748 1430 4813 praeceptis
1446 4748 1543 4811 agitur,
1567 4758 1636 4809 qnos
1660 4744 1791 4794 irridebat

672 4824 836 4874 Charmadas
853 4825 891 4873 86.
905 4850 936 4859 -
948 4822 985 4872 Cf.
1001 4821 1117 4871 l’ltoedr.
1131 4823 1185 4879 266,
1203 4835 1262 4883 sqq.

704 4897 736 4957 (Ἰ)
753 4896 791 4944 Cf.
806 4894 922 4944 Phaedr.
938 4897 984 4943 266
998 4895 1017 4943 D
1031 4908 1088 4958 sqq.

704 4969 736 5030 (8)
751 4969 821 5016 llaec
832 4968 953 5016 Socrates
964 4967 992 5014 in
1005 4966 1127 5014 Phaedro
1137 4966 1182 5013 269
1195 4964 1295 5028 Dlpost
1309 4964 1467 5012 enumerata
1474 4962 1614 5010 rhetorum
1625 4958 1790 5024 praecepta).

672 5038 710 5087 (ΣΙ.
726 5039 855 5087 Crassum
869 5039 897 5087 in
918 5038 986 5087 libro
1004 5037 1048 5098 lll,
1065 5039 1210 5101 postquam
1228 5053 1239 5082 n
1256 5036 1368 5084 Coraces
1384 5032 1594 5096 Pamphilosque
1608 5047 1620 5078 n
1637 5031 1685 5095 (81)
1698 5030 1791 5093 irrisit,
