4467 6167
1020 771 1198 839 ..95-

554 940 673 1007 omnia
683 939 1083 1030 periculamortisatque
1094 941 1209 1009 exsilii
1224 941 1321 1031 parvi
1331 963 1406 1009 esse
1416 940 1576 1010 ducenda
1588 966 1605 1008 r
1616 943 1676 1033 (l);

553 1068 704 1137 cumque
731 1070 751 1115 a
784 1047 844 1114 tali
876 1046 1120 1137 philosophiae
1153 1046 1346 1116 laudandae
1377 1049 1512 1116 ratione
1538 1072 1677 1117 omnem

554 1154 625 1221 tere
664 1155 861 1221 Stoicorum
900 1153 1260 1244 Academicorumque
1289 1155 1552 1223 distinctionem
1583 1180 1676 1224 amo·

555 1267 661 1339 voret,
678 1260 821 1327 forsitan
841 1259 981 1327 nonnisi
1002 1260 1043 1327 de
1060 1260 1234 1329 industria
1249 1267 1456 1329 neutrorum
1478 1285 1521 1329 ne
1537 1264 1679 1331 nomina

554 1366 695 1458 quidem
709 1369 744 1434 in
760 1367 848 1434 hanc
862 1366 1136 1457 disputationem
1156 1367 1399 1437 introduxerit.
1422 1368 1465 1436 Et
1481 1392 1578 1455 vero,
1592 1394 1674 1460 quo-

556 1481 809 1563 rumutrosque
820 1474 1029 1541 nominatim
1045 1473 1249 1565 conjunctos
1272 1481 1441 1565 tanquam
1470 1498 1487 1541 c
1514 1471 1673 1557 honesta,

555 1586 660 1661 recta,
690 1580 794 1670 digna
819 1581 978 1670 imperio,
1007 1579 1113 1669 digna
1137 1582 1267 1671 populo
1298 1604 1443 1650 romano
1474 1609 1489 1647 »
1516 1584 1678 1651 similiter

556 1686 709 1755 dicentes
737 1688 772 1753 in
793 1709 856 1755 suo
875 1687 1028 1754 secundo
1050 1686 1092 1755 de
1114 1688 1254 1755 Finibus
1279 1689 1326 1779 (2)
1356 1690 1585 1779 oppositurus
1609 1697 1678 1758 erat

557 1795 737 1883 Epicureis
752 1816 792 1861 ea
808 1793 1003 1862 dicentibus
1017 1816 1106 1883 quae
1122 1818 1141 1862 a
1156 1795 1223 1863 viri
1239 1796 1353 1864 civilis
1365 1797 1523 1864 oratione
1538 1799 1678 1865 omnino

557 1900 1182 1976 abhorrerent,-eosdemvidelicet
1197 1902 1234 1968 in
1254 1908 1453 1970 constanter
1474 1904 1679 1994 fortiterque

558 2004 696 2073 vivendi
735 2006 929 2096 praeceptis
966 2009 1065 2097 quasi
1094 2010 1220 2076 tacitus
1253 2009 1500 2093 confundebat,
1527 2011 1612 2078 dnm
1645 2013 1679 2078 in

558 2113 714 2179 oratione
732 2126 809 2200 post
826 2111 975 2180 reditum
996 2114 1031 2180 iu
1053 2118 1181 2182 Senatu
1207 2115 1338 2200 habita,
1363 2117 1525 2186 Pisonem
1542 2125 1582 2185 ut
1601 2119 1679 2208 Epi-

558 2241 702 2286 cureum
726 2219 790 2286 hac
826 2220 937 2287 ironia
971 2221 1257 2311 persequebatur,
1289 2222 1382 2313 quod
1402 2224 1432 2289 is
1459 2224 1679 2313 «magistros

562 2354 577 2387 «
605 2324 747 2394 haberet
762 2349 830 2393 non
847 2349 888 2393 ex
909 2328 985 2395 istis
1009 2330 1150 2420 ineptis,
1174 2330 1232 2418 qui
1253 2328 1326 2397 dies
1345 2336 1435 2397 totos
1451 2329 1493 2398 de
1508 2332 1624 2398 officio
1643 2352 1680 2397 ac

563 2462 577 2494 n
605 2434 646 2501 de
659 2434 787 2501 virtute
811 2432 1034 2521 dissererent,
1051 2436 1112 2525 qui
1127 2438 1168 2502 ad
1192 2435 1361 2515 laborem,
1394 2435 1436 2504 ad
1457 2437 1677 2519 industriam,

564 2568 579 2601 «
605 2540 646 2607 ad
668 2541 821 2632 pericula
838 2564 899 2630 pro
918 2542 1031 2633 patria
1046 2542 1227 2610 subeunda
1243 2542 1526 2626 adhortarentur,
1549 2546 1608 2612 sed
1625 2568 1679 2612 eos

563 2677 578 2708 α
606 2649 665 2736 qui
687 2647 905 2737 disputarent
938 2649 1059 2716 boram
1083 2650 1219 2716 nullam
1248 2673 1394 2718 vacuam
1414 2650 1594 2741 voluptate
1609 2674 1680 2718 esse

564 2783 578 2814 κ
606 2753 742 2832 debere,
761 2756 795 2819 in
816 2757 911 2823 omni
933 2762 1029 2847 parte
1040 2758 1197 2847 corporis
1213 2779 1352 2847 semper
1366 2765 1527 2847 oportere
1540 2758 1679 2848 aliquod

563 2890 578 2922 α
606 2860 773 2949 gaudium
800 2861 1136 2953 delectationemque
1164 2864 1297 2932 versari
1320 2889 1336 2929 s
1366 2864 1439 2954 (3),
1466 2872 1571 2955 atque
1599 2868 1679 2934 item

561 2968 679 3047 etiam,
696 2967 779 3035 dum
797 2970 833 3035 in
853 2970 956 3036 Sestii
972 2991 1077 3037 causa
1092 2972 1134 3059 (l)
1153 2970 1194 3038 de
1210 2970 1332 3038 eodem
1349 2970 1502 3039 homine.
1513 2973 1598 3041 haec
1613 2974 1678 3039 dis-

563 3073 724 3142 serebat:

598 3311 612 3336 n
630 3288 778 3343 Laudabat
792 3287 881 3341 homo
906 3286 1009 3341 doctus
1036 3286 1230 3357 philosophos
1249 3286 1350 3342 nescio
1374 3304 1449 3358 qnos
1463 3303 1562 3359 neque
1579 3304 1681 3343 eorum

563 3386 661 3433 tamen
676 3377 797 3431 nomina
814 3380 930 3446 poterat
943 3375 1053 3439 dicere,
1067 3376 1120 3429 sed
1133 3380 1233 3430 tomen
1253 3392 1303 3430 eos
1318 3375 1457 3431 laudabat
1473 3377 1614 3438 maxime,
1633 3378 1681 3447 qui

561 3468 701 3522 dicuntur
727 3471 843 3535 praeter
870 3470 984 3519 ceteros
1004 3480 1067 3519 esse
1087 3470 1225 3520 auctores
1249 3471 1279 3519 et
1305 3464 1478 3520 laudatores
1501 3468 1680 3539 voluptatis;

564 3557 651 3626 cujus
666 3560 695 3609 et
713 3571 772 3626 quo
784 3559 915 3624 tempore
931 3562 960 3608 et
975 3570 1033 3625 quo
1050 3555 1148 3619 modo,
1171 3570 1233 3609 non
1257 3555 1428 3625 quaerebat,
1442 3556 1566 3610 verbum
1585 3557 1684 3627 ipsum

564 3645 701 3700 omnibus
714 3644 847 3698 animiet
866 3644 999 3714 corporis
1023 3644 1158 3714 partibus
1184 3643 1360 3710 devorarat;
1391 3645 1572 3715 eosdemque
1596 3662 1683 3717 prae-

564 3734 642 3790 clare
654 3734 751 3788 dicere
767 3733 865 3788 aiebat
879 3732 1027 3804 sapientes
1049 3733 1150 3788 omnia
1164 3749 1217 3787 sua
1232 3748 1321 3787 causa
1336 3730 1445 3797 facere,
1466 3730 1683 3800 rempublicam

563 3838 717 3892 capessere
732 3821 885 3876 hominem
900 3822 974 3876 bene
989 3838 1096 3876 sanum
1110 3839 1170 3877 non
1182 3827 1328 3893 oportere,
1341 3820 1417 3875 nibil
1434 3836 1498 3873 esse
1515 3820 1684 3889 praestabi-

564 3912 620 3966 lius
636 3912 731 3965 otiosa
743 3910 800 3964 vita
815 3910 904 3981 plena
918 3915 947 3965 et
961 3910 1095 3965 conferta
1107 3910 1326 3981 voluptatibns;
1343 3926 1393 3963 eos
1408 3913 1518 3972 autem,
1534 3908 1586 3978 qui
1602 3909 1684 3963 dice-

565 4005 632 4055 rent
653 4000 786 4071 dignitati
815 4016 878 4054 esse
908 4000 1106 4066 serviendum,
1134 4000 1312 4071 reipublicae
1342 3997 1574 4064 consulendum,
1591 3996 1686 4050 officii

565 4090 712 4143 rationem
727 4089 850 4143 inomni
864 4089 933 4156 vita,
951 4105 1011 4144 non
1033 4090 1183 4144 commodi
1198 4105 1263 4144 esse
1277 4089 1457 4151 ducendam,
1477 4087 1616 4142 adeunda
1631 4103 1685 4155 pro

599 4347 631 4406 (lt
650 4347 682 4394 P.
698 4345 805 4404 Arellio,
823 4347 850 4393 ll

600 4418 631 4476 (2)
649 4418 680 4476 ll,
691 4419 729 4465 ro.
744 4417 843 4465 Eodem
859 4415 915 4465 fere
930 4417 1014 4466 verba
1024 4417 1062 4466 ibi
1074 4416 1199 4465 invenies
1215 4417 1295 4478 etque
1307 4414 1337 4464 in
1355 4415 1424 4464 locis
1436 4415 1600 4472 orationum,
1617 4426 1686 4475 quos

567 4487 731 4537 conterimus
748 4506 753 4535 :
769 4504 780 4532 (t
797 4490 829 4536 nt
840 4501 903 4536 vero
919 4487 974 4546 illa,
991 4502 1060 4551 quoe
1082 4487 1264 4549 Peripatetici,
1278 4500 1346 4549 quae
1359 4486 1441 4536 Stoici
1461 4486 1564 4542 dicunt,
1581 4497 1689 4547 semper

568 4560 616 4608 tibi
629 4560 657 4607 in
675 4573 719 4608 ore
734 4560 838 4609 suntin
851 4558 969 4621 Judiciis
986 4560 1014 4607 in
1030 4561 1127 4609 senatu
1139 4559 1239 4621 (Cicero
1251 4559 1417 4620 Torquatum
1433 4557 1625 4626 Epicureorum
1640 4555 1688 4604 de-

568 4630 703 4680 fensorem
731 4629 908 4694 alloquitnrt:
939 4631 1067 4689 officium,
1092 4628 1268 4693 aequitatem,
1296 4629 1466 4691 dignitatem,
1494 4627 1584 4687 fidem,
1604 4628 1686 4685 recta,

568 4704 691 4761 honesta,
718 4700 800 4764 digna
828 4702 951 4765 imperio,
970 4701 1053 4766 digna
1075 4699 1315 4765 populoromano,
1345 4699 1573 4762 omniapericnla
1595 4711 1687 4762 prore

569 4772 686 4836 publica,
697 4772 767 4821 mori
778 4786 826 4835 pro
838 4773 965 4836 patrie...
986 4792 996 4813 »v
1013 4776 1064 4823 etc.
1082 4798 1109 4807 -
1126 4770 1164 4820 Gt.
1176 4772 1249 4819 nost.
1265 4770 1336 4819 Port.
1352 4770 1373 4829 I,
1390 4784 1447 4833 cap.
1461 4769 1505 4817 lll.

603 4845 634 4905 (3)
650 4845 713 4891 Post
726 4843 844 4892 reditum
856 4844 885 4892 in
896 4847 1001 4903 senatu,
1019 4846 1057 4894 u.

602 4917 634 4977 (t)
650 4916 679 4964 P.
695 4914 789 4976 Sestio,
805 4918 843 4964 23.
