4467 6167
1028 852 1206 918 ..87-

559 1024 728 1107 tanquam
759 1038 828 1083 non
859 1016 1082 1107 perspiceret,
1118 1016 1152 1081 in
1181 1013 1350 1082 bonorum
1371 1015 1679 1106 improborumque

558 1123 781 1193 distinctione
805 1123 1006 1213 opinionem
1024 1122 1206 1190 hominum
1222 1121 1352 1189 eisdem
1367 1123 1526 1191 fortunae
1542 1124 1678 1191 casibus

559 1232 699 1321 saepius
718 1230 992 1306 assimulandam
1016 1253 1102 1299 esse.
1124 1228 1212 1296 Nam
1229 1229 1319 1318 quod
1336 1230 1495 1298 eamdem
1509 1231 1678 1298 rationem

560 1345 716 1407 extrema
733 1337 899 1427 ejusdem
923 1338 1090 1406 orationis
1110 1342 1207 1428 parte
1229 1337 1409 1426 repetitam
1424 1337 1466 1404 ad
1496 1338 1677 1405 subtilita-

559 1443 630 1513 tem
651 1444 839 1535 quamdam
856 1443 1063 1535 philosopho
1079 1444 1275 1533 digniorem
1288 1443 1459 1510 adducere
1477 1443 1627 1526 videtur,
1643 1442 1678 1510 id

474 1607 477 1611 .
533 1552 703 1642 .quidem
737 1551 821 1619 satis
854 1552 1102 1631 inconstanter,
1125 1572 1239 1617 cuma
1262 1550 1376 1639 priore
1392 1551 1677 1640 interpretatione

560 1658 688 1726 idcirco
721 1680 792 1725 non
811 1656 956 1725 desistat
976 1657 1038 1746 (1),
1064 1659 1124 1724 sed
1144 1663 1261 1726 tamen
1287 1657 1336 1723 sic
1356 1657 1505 1746 intelligi
1533 1658 1619 1733 vult,
1642 1680 1678 1724 se

560 1789 605 1834 ne
640 1765 853 1855 supplicium
880 1764 1023 1855 quidem
1038 1765 1126 1853 legis
1139 1787 1178 1832 ac
1190 1763 1314 1853 judicii
1334 1765 1369 1829 in
1390 1764 1553 1831 Pisonem
1574 1788 1678 1854 expo·

560 1874 659 1941 tiisse
680 1873 757 1963 (2):

594 2060 606 2088 «ι
677 2038 797 2094 Nullam
812 2039 883 2094 mihi
898 2054 1023 2109 poenam
1035 2038 1151 2092 videtur
1166 2036 1274 2092 habere
1288 2035 1327 2103 id,
1348 2036 1427 2107 quod
1446 2037 1580 2091 accidere
1593 2037 1665 2093 inno

559 2128 648 2198 canti,
661 2129 739 2199 quod
750 2128 828 2193 lorti,
844 2129 922 2198 quod
938 2127 1073 2199 sapienti,
1090 2127 1169 2197 quod
1186 2126 1335 2180 bonovlro
1351 2130 1380 2180 et
1399 2126 1452 2180 ciri
1466 2131 1572 2196 potest.
1589 2128 1677 2180 Dam-

558 2217 637 2272 natio
647 2218 713 2285 ista,
721 2233 798 2287 quae
811 2217 876 2272 inte
884 2216 1041 2289 flagitatur,
1049 2216 1192 2287 obtigitP.
1202 2214 1320 2278 Rutilio,
1329 2215 1409 2285 quod
1417 2215 1678 2285 specimenhabuit

558 2308 630 2362 haec
644 2306 746 2361 civitas
757 2306 961 2361 innocentiae:
978 2306 1074 2377 major
1096 2305 1168 2359 mihi
1178 2304 1314 2374 judicum
1335 2308 1365 2357 et
1383 2302 1562 2373 reipublicae
1583 2321 1678 2375 poena

557 2396 677 2451 visaest
705 2412 794 2466 quam
823 2396 930 2460 Rutili;
947 2397 976 2451 L.
1007 2395 1140 2465 Opimius
1170 2394 1283 2462 ejectus
1309 2393 1503 2463 estepatria,
1531 2394 1625 2464 isqui
1648 2399 1678 2447 et

558 2490 625 2555 post
639 2491 809 2556 praeturam
820 2489 851 2540 et
866 2485 970 2539 consul
988 2484 1124 2539 maximis
1135 2482 1347 2553 rempublicam
1362 2482 1503 2552 periculis
1516 2482 1655 2537 liberarat
1669 2500 1675 2536 ε

559 2587 615 2626 noa
638 2574 669 2626 in
690 2588 731 2633 eo,
757 2573 803 2626 cui
823 2574 903 2639 sacta
927 2577 966 2625 cst
983 2572 1102 2641 injuria,
1124 2570 1215 2624 sedin
1238 2571 1281 2633 iis,
1297 2573 1347 2640 qui
1367 2573 1505 2638 fecerunt,
1521 2573 1632 2627 sceleris
1650 2581 1677 2628 et

558 2662 743 2717 marcianitae
751 2677 845 2730 poena
858 2663 1024 2715 remansit...
1042 2678 1056 2711 »
1069 2675 1079 2724 ;

560 2852 600 2897 ea
628 2853 712 2898 vero
736 2832 908 2898 sententia
928 2831 999 2898 fere
1033 2831 1219 2921 platonica,
1251 2854 1357 2921 quam
1384 2831 1438 2898 his
1463 2834 1572 2900 nostri
1602 2856 1674 2900 ora·

560 2938 644 3004 toris
660 2935 775 3004 verbis
792 2959 991 3027 expressam
1003 2937 1217 3021 invenimus,
1241 2938 1404 3006 utebatur
1420 2940 1675 3029 quinquaginta

560 3050 641 3111 ante
661 3044 762 3111 annis
783 3044 829 3133 (3)
849 3042 890 3124 Q.
921 3044 1081 3111 Metellus
1107 3045 1316 3112 Numidicus
1343 3046 1449 3113 verba
1476 3047 1606 3113 iaciens
1633 3048 1676 3115 ad

560 3152 713 3232 Quirites
747 3151 788 3218 de
815 3152 1005 3245 triumpho.
1029 3174 1132 3241 quem
1159 3150 1259 3219 sibia
1283 3154 1390 3220 Mario
1407 3152 1533 3243 injuria
1552 3156 1673 3243 negari

559 3258 698 3326 videbat
713 3282 720 3326 :

595 3428 734 3494 «Quain
755 3444 797 3493 re,
814 3432 926 3498 quanto
944 3428 1075 3483 universi
1102 3445 1148 3483 me
1178 3445 1272 3483 unum
1300 3430 1456 3498 antistatis
1482 3435 1563 3485 tanto
1591 3431 1674 3485 vohis

557 3535 645 3588 quam
655 3518 727 3571 mihi
741 3517 883 3589 majorem
899 3518 1040 3589 inJ'uriam
1052 3524 1140 3588 atque
1161 3518 1371 3573 contumeliam
1389 3519 1470 3585 facit,
1485 3519 1628 3585 Quirites;
1646 3527 1675 3575 ct

558 3611 667 3677 quanto
680 3607 766 3678 probi
781 3606 922 3675 injuriam
936 3606 1054 3661 facilius
1068 3607 1219 3677 accipiunt
1235 3624 1324 3677 quam
1345 3606 1428 3662 alteri
1445 3608 1574 3669 tradunt,
1592 3612 1673 3663 tanto

558 3696 607 3750 ille
621 3696 704 3751 vobis
719 3712 809 3766 quam
824 3696 896 3749 mihi
916 3696 1049 3767 peJ'orem
1069 3697 1214 3751 honorem
1230 3696 1333 3751 habuit
1349 3713 1355 3749 :
1373 3713 1441 3751 nam
1458 3712 1505 3750 me
1532 3697 1672 3768 injuriam

558 3784 647 3853 ferre,
666 3785 826 3840 vosfacere
840 3784 912 3853 vult,
930 3785 1057 3850 Quirites
1073 3785 1142 3856 (1)...
1160 3802 1197 3850 »3

558 3957 662 4040 atque
691 3949 732 4016 de
752 3950 828 4039 ipsa
854 3948 940 4016 bene
974 3956 1034 4016 aut
1062 3950 1153 4015 male
1173 3950 1343 4015 factorum
1375 3950 1587 4016 conscientia
1614 3972 1672 4016 ve-

558 4064 612 4124 tus
642 4056 724 4124 Cato
752 4056 799 4123 iia
817 4056 1025 4124 disseruisse
1045 4056 1158 4124 fertur
1178 4058 1213 4123 in
1240 4079 1278 4123 ea
1299 4057 1454 4123 oratione
1483 4079 1588 4145 quam
1608 4058 1673 4123 sub
1749 4114 1753 4122 ,

557 4162 765 4231 Numantiae
786 4162 968 4230 moenibus
986 4191 1001 4224 «
1024 4161 1066 4228 ad
1082 4164 1218 4251 equites
1240 4190 1255 4223 »
1278 4160 1426 4229 habebat
1445 4185 1484 4229 eo
1503 4175 1670 4253 tempore.

557 4293 637 4337 cum
663 4270 722 4338 vix
754 4270 796 4337 ad
824 4271 973 4358 primam
1007 4270 1198 4354 sapientiae
1229 4291 1373 4357 graecae
1402 4271 1581 4337 notionem
1615 4295 1673 4360 per

588 4498 620 4561 (1)
637 4500 706 4549 Nam
715 4511 851 4547 summam
864 4510 980 4561 poenam
995 4510 1028 4546 ex
1052 4495 1180 4559 opinione
1197 4494 1341 4543 hominum
1355 4494 1518 4558 pendentem
1537 4495 1601 4545 lacit
1614 4496 1672 4558 (99),

556 4569 626 4618 sicut
643 4568 768 4628 faciebat,
783 4570 814 4616 42
830 4570 913 4616 44-45.

589 4640 621 4702 (2)
637 4640 669 4689 ln
686 4641 711 4689 L.
722 4641 853 4698 Pisonem,
869 4640 997 4687 9519.-
1013 4638 1050 4687 cf.
1070 4640 1107 4687 82.

588 4713 620 4775 (3)
635 4714 712 4760 Anno
730 4726 756 4761 u.
766 4725 789 4761 c.
804 4713 849 4759 611
859 4732 889 4753 ;
904 4713 946 4759 lor
964 4713 1025 4759 ante
1036 4711 1095 4759 Chr.

589 4782 621 4844 (1)
635 4782 721 4831 Aulus
731 4782 842 4839 Gallina,
857 4781 903 4845 qui
913 4782 992 4830 nobis
1002 4781 1071 4830 hanc
1086 4782 1188 4831 Metelli
1202 4781 1294 4831 locum
1305 4781 1478 4840 tradithocl.
1491 4781 1557 4839 Ata,
1568 4781 1624 4840 xli,
1639 4783 1671 4842 9).

555 4854 584 4903 in
605 4868 637 4903 co
664 4867 766 4917 agnose
782 4852 860 4902 ivult
885 4874 896 4897 «
912 4853 1030 4901 Socratis
1067 4851 1204 4902 decretum
1229 4871 1234 4900 :
1257 4851 1350 4905 κάκιον
1367 4851 1435 4905 εἶναι
1457 4852 1488 4905 τὸ
1505 4850 1606 4906 ἀδικεῖν
1624 4855 1672 4903 rod

555 4930 771 4990 ἀδικε1σ1α1,1-
786 4934 825 4981 Ex
837 4933 889 4982 alio
901 4934 983 4982 ctiam
999 4932 1122 4995 ejusdem
1137 4933 1236 4982 Metelli
1250 4933 1319 4993 loco,
1336 4945 1417 4995 quem
1429 4932 1459 4981 A.
1477 4932 1579 4982 Gellius
1592 4932 1673 4982 refert

555 5013 585 5075 (1,
598 5015 632 5075 6),
643 5016 755 5077 apparet
766 5027 830 5063 eum
844 5015 873 5063 in
886 5013 1199 5077 quadamphilosophiae
1211 5015 1310 5064 notitia
1321 5013 1523 5063 eruditumesse
1537 5013 1671 5063 debuisse.
