4467 6167
1083 776 1263 841 ..40-

616 947 724 1013 fuisse
734 944 877 1013 Crassus
888 944 964 1034 ipse
975 943 1011 1009 in
1026 942 1146 1011 eodem
1158 940 1457 1009 sermoneindicat
1467 942 1525 1028 (Ι),
1537 963 1741 1010 eamrecen-

617 1055 740 1121 tiorem
761 1052 968 1119 sententiam
989 1050 1060 1117 fere
1083 1049 1302 1139 sequebatur,
1322 1048 1422 1138 cujus
1443 1054 1476 1116 et
1494 1055 1614 1116 auctor
1635 1052 1739 1119 Arce-

617 1161 699 1227 silas
715 1164 747 1225 et
779 1159 895 1225 fautor
920 1164 1039 1246 postea
1074 1156 1450 1224 Carneadescnovam
1476 1155 1735 1224 Academiam»

618 1266 768 1333 maxime
782 1265 1054 1332 illustraverant.
1078 1264 1234 1356 Quorum
1254 1262 1393 1351 quidem
1413 1261 1561 1328 alterum
1578 1290 1592 1323 u
1608 1263 1738 1330 eximio

617 1371 768 1461 quodam
797 1372 914 1460 lepore
939 1368 1075 1436 dicendi
1099 1390 1202 1435 usum
1224 1390 1299 1435 esse
1323 1396 1350 1453 »,
1375 1367 1464 1434 sicut
1484 1368 1684 1459 ferebatur(
1712 1370 1735 1460 )‚

618 1478 762 1546 Crassus
788 1483 958 1545 memorat
987 1476 1167 1552 ;alterum
1189 1502 1204 1535 «
1235 1472 1355 1540 divina
1383 1473 1533 1562 quadam
1561 1474 1739 1543 celeritate

617 1586 751 1675 ingenii
771 1584 978 1673 dicendique
997 1582 1096 1670 copia
1124 1609 1139 1642 »
1161 1581 1280 1658 fuisse,
1306 1602 1326 1647 a
1351 1579 1484 1661 multis
1507 1580 1666 1669 quicum
1682 1581 1737 1650 vel

617 1690 830 1758 Athenisvel
852 1692 979 1756 Romae
999 1686 1205 1769 audiissent,
1223 1711 1258 1755 se
1272 1689 1448 1776 accepisse
1467 1692 1616 1754 testatur
1629 1687 1690 1777 (3)

663 1826 679 1860 «
702 1799 800 1864 Hanc
819 1797 926 1887 igitur
937 1794 1165 1862 Carneadiam
1186 1802 1246 1861 aut
1266 1796 1363 1862 illam
1377 1794 1615 1861 Aristoteliam
1630 1796 1703 1861 vim
1720 1825 1735 1857 l

620 1906 768 1974 Crassus
794 1903 917 1971 statuit
952 1922 1026 1968 esse
1060 1900 1427 1989 comprehendendam
1458 1903 1501 1982 ei,
1526 1903 1585 1992 qui
1604 1926 1620 1965 «
1643 1903 1741 1970 illam

619 2010 835 2102 praeclaram
866 2014 899 2075 et
932 2007 1097 2075 eximiam
1139 2008 1290 2095 speciem
1338 2009 1484 2075 oratoris
1532 2010 1675 2096 perfecti
1710 2039 1739 2097 u,

619 2140 725 2209 quam
740 2138 775 2183 se
795 2115 924 2181 intueri
942 2114 1087 2183 Crassus
1107 2134 1177 2178 non
1200 2113 1308 2180 semel
1323 2114 1508 2203 significat,
1527 2114 1593 2182 sibi
1614 2139 1742 2206 propo·

620 2224 728 2291 suerit
753 2223 812 2308 (l).
840 2221 960 2310 Neque
986 2242 1068 2287 vero
1102 2220 1212 2285 multo
1250 2242 1349 2287 secus
1378 2220 1420 2288 de
1449 2220 1739 2311 philosophorum

619 2330 764 2397 familiis
781 2326 997 2417 judicantem
1014 2326 1206 2392 Antonium
1220 2326 1336 2415 ipsum
1350 2326 1386 2392 in
1402 2328 1552 2395 secundo
1568 2327 1656 2395 libro
1665 2328 1738 2418 jam

620 2434 849 2504 audiebamus
867 2455 874 2501 :
897 2435 970 2523 qui,
989 2474 1029 2483 -
1042 2456 1122 2500 cum
1139 2433 1348 2500 adoratoris
1360 2433 1555 2502 instruendi
1570 2436 1740 2502 rationem

619 2551 690 2611 tres
722 2542 800 2608 illos
833 2541 1046 2607 clarissimos
1081 2540 1309 2629 philosophos
1330 2541 1473 2608 referret
1500 2541 1560 2630 (5),
1585 2556 1677 2631 'quos
1697 2541 1740 2608 ad

619 2655 778 2717 senatum
806 2648 938 2735 legatos
953 2645 1184 2713 Athenienses
1213 2647 1254 2714 de
1282 2648 1355 2714 suis
1371 2647 1474 2715 rebus
1495 2649 1675 2731 miserant,
1701 2690 1741 2699 -

622 2756 813 2843 Diogenem
828 2754 982 2820 Stoicum
999 2760 1140 2842 propter
1160 2753 1233 2842 ejus
1249 2754 1378 2831 «exile,
1397 2754 1548 2838 aridum,
1561 2758 1740 2824 concisum

621 2885 660 2931 ac
675 2862 851 2927 minutum
865 2862 1036 2927 sermonis
1050 2882 1160 2949 genus
1184 2889 1198 2921 »
1216 2861 1426 2944 dimittebat,
1446 2862 1638 2930 Critolaum
1658 2887 1742 2932 vero

622 2968 892 3058 Peripateticum
908 2973 941 3034 et
960 2968 1111 3035 maxime
1133 2968 1345 3035 Carneadem
1369 2970 1517 3037 oratoris
1533 2971 1647 3038 studio
1663 2994 1741 3059 pro·

622 3074 720 3143 desse
737 3076 890 3164 potuisse
910 3073 1093 3142 fatebatur.
1116 3116 1154 3124 -
1186 3074 1252 3143 Sed
1287 3074 1369 3165 quid
1403 3075 1469 3142 sibi
1495 3078 1579 3145 velit
1608 3084 1640 3145 et
1670 3100 1740 3167 quo

621 3183 739 3251 tendat
754 3186 837 3249 baec
864 3204 987 3249 earum
1003 3181 1307 3271 pbilosopbiarum
1338 3183 1607 3268 commendatio,
1637 3185 1740 3271 cujus

624 3291 784 3380 propriae
801 3290 950 3356 rationes
964 3311 1075 3378 neque
1096 3290 1215 3355 statim
1234 3289 1385 3377 prolatae
1400 3312 1512 3379 neque
1527 3292 1594 3357 nisi
1617 3292 1739 3358 multis

623 3395 825 3464 adventiciis
852 3395 954 3462 rebus
976 3396 1175 3483 implicatae
1196 3396 1229 3461 in
1258 3397 1333 3486 ipsa
1364 3397 1477 3464 Crassi
1504 3396 1741 3487 disputatione
1832 3463 1834 3466 .

624 3501 866 3580 inveniuntur,
892 3502 1088 3568 accuratius
1110 3502 1422 3591 introspiciendum
1443 3510 1505 3571 est.

1174 3834 1198 3888 ll

671 4041 721 4107 Ac
734 4042 889 4129 primum
910 4042 951 4110 de
967 4066 1006 4110 ea
1026 4042 1160 4111 ratione
1181 4068 1401 4134 quaeramus,
1424 4072 1512 4139 quae
1541 4074 1742 4143 quanquam

626 4174 646 4218 a
667 4152 789 4219 Crasso
814 4152 993 4242 praeteriri
1018 4151 1169 4231 videtur,
1195 4159 1309 4220 tamen
1338 4163 1477 4245 propter
1494 4158 1743 4247 Epicureorum

628 4257 894 4348 Stoicorumque
914 4259 1211 4348 comparationem
1232 4260 1265 4326 in
1294 4261 1541 4351 disceptatione
1569 4274 1741 4338 versatur.

627 4364 729 4445 Nam,
748 4371 786 4431 ut
805 4365 985 4452 Epicureis
1002 4365 1196 4456 Stoicisque
1215 4366 1258 4433 ad
1274 4366 1470 4437 instruendi
1485 4374 1630 4441 oratoris
1649 4398 1744 4442 com-

660 4566 692 4629 (Ι)
709 4567 747 4616 cf.
774 4568 813 4616 De
841 4568 887 4617 Or.
905 4568 950 4627 ΙΙΙ,
967 4570 1020 4619 ilc.
1035 4570 1100 4620 Post
1114 4572 1255 4623 Philonem
1277 4574 1426 4626 Antiochus
1439 4578 1599 4631 Academiae
1612 4585 1740 4647 praefuit.

659 4639 694 4701 (2)
708 4640 771 4689 Post
796 4640 985 4689 intermissum
995 4640 1053 4701 iam
1068 4642 1143 4705 longi
1165 4644 1292 4707 temporis
1309 4648 1445 4710 spatium;
1461 4662 1524 4700 nam
1539 4652 1672 4705 Arcesilas
1687 4670 1745 4706 cen-

628 4712 688 4759 tum
703 4711 757 4760 fere
773 4712 854 4761 annis
867 4715 929 4761 ante
947 4711 1112 4762 Carneadem
1128 4715 1262 4765 floruerat.

660 4781 693 4844 (3)
709 4781 747 4831 Cl.
761 4782 862 4843 neon,
877 4783 923 4841 ΙΙΙ,
937 4784 976 4832 68.

659 4850 693 4913 (Ι)
710 4853 827 4902 Ibid'll.

665 4924 697 4987 (5)
711 4924 749 4973 Gt.
764 4926 803 4973 De
814 4924 868 4986 Oc,
881 4925 913 4984 ll,
929 4924 1044 4974 155-161.
