4467 6167
1110 836 1307 901 -120-

645 1025 726 1072 cum
753 1024 879 1092 genere
905 1001 1065 1091 judiciali
1100 1002 1401 1070 assimulationem
1430 1010 1543 1071 certae
1574 1003 1762 1088 formulae,

643 1109 770 1201 quibus
799 1109 976 1178 interdum
1005 1112 1041 1176 in
1070 1108 1124 1175 his
1143 1108 1242 1176 libris
1270 1115 1388 1177 noster
1406 1115 1527 1179 auctor
1556 1111 1670 1179 utitur
1698 1115 1711 1198 (
1738 1114 1761 1198 ),

645 1223 800 1307 spectare
816 1215 990 1300 videntur,
1007 1223 1174 1283 tumeam
1195 1217 1357 1307 persequi
1383 1217 1465 1285 licet
1485 1241 1545 1307 per
1565 1217 1763 1287 adhibitam

647 1325 785 1414 saepius
801 1330 861 1391 aut
880 1349 896 1388 c
916 1325 1168 1414 principiorum
1188 1325 1465 1392 verecundorum
1491 1330 1537 1411 (2)
1559 1355 1572 1387 r
1597 1327 1764 1394 concilia-

648 1432 778 1499 tionem
794 1438 851 1498 aut
868 1438 988 1498 ornate
1010 1458 1025 1492 «
1057 1432 1239 1520 perorand'
1259 1431 1306 1519 (3)
1325 1460 1341 1493 »
1358 1432 1578 1521 elegantiam,
1595 1474 1636 1481 -
1660 1455 1704 1501 ne
1720 1433 1763 1501 de

643 1538 728 1629 ipsis
748 1537 1014 1627 argumentandi
1028 1538 1185 1604 artificiis
1202 1539 1370 1625 dicamus,
1399 1562 1549 1629 quorum
1575 1541 1764 1608 temeraria

646 1644 822 1713 interdum
844 1645 1038 1735 assumptio
1058 1646 1102 1736 (l)
1117 1644 1160 1712 ad
1179 1646 1365 1735 quamdam
1386 1646 1576 1715 adversarii
1592 1670 1768 1738 quocum-1

646 1753 844 1843 quemodo
883 1752 1063 1820 refellendi
1088 1753 1377 1822 consuetudinem
1406 1756 1763 1846 exercitationemque

645 1858 797 1925 maxime
819 1857 940 1924 reterri
956 1861 1079 1947 potest,

690 1964 748 2031 Sic
767 1963 929 2032 videmus
950 1964 1153 2032 Ciceronem
1170 1965 1203 2031 in
1222 1966 1343 2034 eadem
1372 1966 1432 2034 illa
1454 1967 1698 2034 exercitatione
1724 1974 1764 2033 ut

644 2071 894 2163 philosophum
921 2075 1073 2140 maxime
1092 2079 1304 2155 versantem,
1332 2096 1437 2164 quam
1459 2079 1589 2164 quanta
1608 2074 1644 2140 in
1668 2097 1762 2141 com-

642 2178 865 2247 mendatione
897 2219 941 2229 -
973 2187 1012 2248 ut
1050 2179 1340 2248 Academicorum
1378 2182 1763 2271 Peripateticorumque

645 2286 822 2376 propriam
900 2286 943 2354 ad
963 2285 1226 2377 amplificandas
1250 2286 1387 2368 dicendi
1403 2289 1551 2357 virtutes
1571 2290 1761 2379 posuisset,

643 2393 680 2459 in
701 2393 816 2483 priore
832 2393 938 2477 hujus
958 2401 1096 2461 nostrae
1119 2394 1317 2483 scriptionis
1339 2403 1435 2486 parte
1455 2396 1678 2486 explanatum
1694 2403 1759 2464 est.

645 2502 826 2583 Naeuam,
849 2500 932 2567 dum
957 2524 997 2568 ea
1012 2502 1215 2591 repetimus,
1235 2501 1269 2569 id
1296 2503 1447 2591 agimuS,
1465 2510 1505 2571 ut
1526 2503 1568 2571 ad
1589 2503 1762 2593 quasdam

644 2609 815 2676 oratorias
831 2609 985 2676 rationes
1001 2630 1140 2676 omnem
1154 2610 1349 2677 Tullianam
1370 2609 1639 2701 philosophandi
1655 2612 1764 2679 ratio-

644 2737 726 2783 nem
748 2737 965 2791 revocemus,
982 2755 1024 2765 -
1044 2739 1124 2783 cum
1140 2723 1261 2784 contra
1277 2716 1368 2784 alius
1381 2718 1486 2786 etiam
1502 2719 1640 2809 generis
1655 2721 1762 2786 ratio-

641 2825 745 2894 nibus
766 2825 885 2893 Cicero
905 2824 1031 2893 adduci
1051 2823 1212 2892 debuisse
1236 2823 1407 2912 videatur,
1429 2834 1466 2893 ut
1486 2848 1528 2893 ex
1543 2826 1678 2893 duabus
1694 2826 1765 2893 dis-

644 2932 797 3023 ciplinis,
818 2933 911 3000 inter
930 2955 1016 3023 quas
1031 2938 1070 3000 ut
1091 2938 1208 2998 orator
1231 2931 1323 2998 nihil
1349 2932 1420 2999 fere
1440 2932 1608 3000 interesse
1627 2931 1763 3021 judica-

641 3042 750 3110 visset
779 3040 842 3130 (5),
872 3039 1097 3108 Carneadiam
1129 3040 1245 3129 potius
1273 3061 1309 3106 se
1342 3040 1442 3129 sequi
1466 3045 1504 3106 ut
1528 3039 1762 3130 philosophus

672 3280 705 3341 (1)
720 3277 786 3327 Vide
796 3276 914 3341 exempli
930 3277 1031 3341 gratia:
1047 3277 1085 3326 De
1102 3275 1189 3328 Finit.
1205 3276 1260 3336 ll,3
1279 3277 1329 3340 (α...
1345 3275 1431 3325 oratio
1443 3274 1625 3338 praescribere
1635 3273 1763 3336 debet,-

640 3351 671 3400 ut
687 3349 852 3413 quibusdam
863 3350 893 3399 in
907 3348 1033 3399 formulis
1047 3362 1079 3398 ea
1090 3362 1132 3397 res
1147 3352 1253 3413 apetur,
1268 3377 1293 3385 -
1312 3351 1353 3409 ut,
1365 3348 1436 3397 inter
1450 3360 1519 3410 quos
1534 3346 1683 3407 disseritur,
1699 3360 1762 3397 con·

640 3422 730 3472 veniat
744 3459 758 3470 ..
771 3423 822 3472 etc.
836 3423 858 3485 n)
872 3436 919 3479 ;-
935 3420 1003 3470 ibid.
1015 3421 1061 3476 111.
1077 3422 1129 3471 lec
1145 3420 1349 3485 Voluptatem...
1363 3420 1386 3470 si
1402 3419 1461 3481 ipsa
1475 3432 1523 3480 pro
1534 3432 1563 3468 se
1573 3418 1701 3479 loquatur
1712 3431 1763 3469 nec

640 3494 698 3541 tam
726 3494 876 3556 pertinaces
896 3493 998 3543 habeat
1011 3495 1152 3557 patronos,
1168 3505 1361 3543 concessuram
1385 3490 1529 3541 arbitror...
1549 3490 1599 3538 etc.
1617 3504 1630 3537 a
1648 3516 1678 3527 -
1693 3488 1762 3549 thid,

641 3564 723 3622 rv,1:
741 3584 784 3612 o...
801 3578 864 3613 cum
878 3577 927 3628 ego
943 3567 969 3613 te
984 3564 1033 3613 hac
1046 3577 1117 3613 nova
1131 3564 1190 3627 lege
1200 3564 1307 3613 videam
1322 3562 1417 3613 eodem
1430 3560 1472 3610 die
1484 3561 1636 3611 accusatori
1648 3573 1763 3625 respon·

640 3634 702 3684 dere
717 3638 744 3685 et
755 3635 840 3684 tribus
855 3635 929 3684 horis
943 3649 1076 3698 perorare.
1091 3649 1168 3687 .u.-
1178 3635 1216 3684 De
1226 3635 1330 3693 Nature
1340 3636 1412 3683 deor.
1426 3633 1494 3689 lIl,8
1508 3634 1582 3683 :rte
1591 3646 1698 3696 quoque
1707 3634 1764 3684 ani·

640 3707 780 3766 mamerti,
794 3721 857 3756 cum
866 3708 895 3756 in
909 3707 967 3756 loro
985 3707 1096 3768 diceres,
1111 3706 1325 3771 quamplurimis
1344 3718 1441 3770 posses
1464 3704 1633 3768 argumentis
1648 3718 1761 3755 onerare

638 3777 787 3839 iudicem...
805 3798 860 3821 o-
887 3778 970 3828 Acad.
985 3779 1070 3842 prior.
1098 3779 1130 3839 ll,
1149 3780 1178 3827 cl
1197 3792 1203 3827 :
1225 3779 1381 3840 «Tumego
1405 3791 1461 3826 non
1487 3776 1579 3826 minus
1594 3778 1761 3840 commotus,

642 3864 723 3913 quam
739 3850 813 3899 soleo
828 3850 857 3899 in
871 3851 961 3899 causis
975 3851 1159 3911 majoribus...
1179 3865 1191 3896 s

672 3921 705 3984 (2)
719 3923 753 3971 Ut
767 3921 832 3972 dicit
847 3923 940 3971 noster
946 3923 975 3970 in
991 3920 1075 3981 Orat,
1094 3922 1181 3971 lat·
1195 3920 1304 3971 Talibus
1321 3940 1333 3966 ιι
1345 3920 1462 3970 exordiis
1483 3939 1493 3963 υ
1507 3920 1621 3969 utuntur
1633 3918 1761 3969 Lucullus

640 3993 762 4045 indeed.
775 3995 861 4059 prior.
878 3994 909 4053 ll,
926 3995 968 4054 1⁰3
985 3994 1076 4043 Cicero
1086 3994 1144 4058 ipse
1159 3995 1265 4058 postea,
1279 3994 1325 4054 643
1339 3993 1417 4042 Cotta
1432 3993 1461 4042 in
1474 3991 1545 4042 lib.l
1559 3991 1597 4041 De
1609 3992 1670 4040 Nat.
1687 3992 1760 4041 deor.

670 4138 707 4199 (3)
725 4137 799 4187 Sicut
810 4138 896 4187 inlih.
912 4138 945 4186 de
957 4136 1044 4186 Finit.
1061 4138 1094 4197 ll,
1108 4137 1228 4195 lli-1193
1241 4137 1286 4196 ill,
1303 4136 1386 4185 73-76.
1399 4134 1436 4184 Cf.
1452 4135 1557 4184 Tuscul.
1574 4136 1594 4194 l,
1613 4136 1729 4184 lla-119.

671 4209 708 4268 (t)
722 4209 882 4259 Praesertim
895 4211 989 4258 contra
1001 4209 1156 4272 Epicureos,
1168 4235 1196 4243 -
1212 4207 1281 4257 sicut
1293 4207 1390 4257 cruditi
1404 4207 1454 4256 viri
1467 4207 1638 4256 notaverunt.

672 4281 705 4342 (5)
721 4281 789 4329 Nam
798 4280 869 4344 quod
879 4280 911 4330 ad
927 4282 1016 4343 ipsam
1028 4295 1043 4328 <r
1054 4280 1190 4345 patroni»
1204 4278 1363 4329 facilitatem
1376 4280 1405 4327 in
1413 4277 1594 4342 suscipiendis
1605 4277 1645 4326 vel
1660 4278 1761 4341 pejori-

641 4352 693 4400 bus
706 4352 797 4401 causis
808 4352 916 4412 attinet,
932 4354 1039 4401 tantum
1053 4352 1140 4413 abest,
1162 4353 1193 4400 ut
1214 4350 1453 4414 Peripateticorum
1480 4349 1633 4399 doctrinam
1662 4349 1715 4399 sibi
1731 4349 1761 4397 in

641 4422 808 4473 hocobstare
817 4423 986 4484 iudicaverit,
1001 4426 1032 4472 ut
1044 4424 1127 4473 Stoici
1141 4423 1264 4472 Panaetii
1290 4423 1479 4471 auctoritatem
1494 4421 1594 4485 ipsein
1612 4435 1643 4470 ca
1666 4435 1694 4469 rc
1709 4421 1761 4471 sibi

642 4508 780 4545 assumere
795 4509 876 4558 posse
893 4496 944 4544 sibi
958 4495 1035 4544 visus
1049 4496 1100 4544 sit:
1116 4496 1156 4544 sic
1168 4495 1243 4543 enim
1255 4493 1375 4555 loquitur
1391 4494 1420 4542 in
1436 4492 1482 4541 lib.
1495 4494 1527 4541 de
1544 4492 1657 4555 Officiis,
1673 4492 1706 4550 ll,
1716 4493 1759 4541 51:

642 4585 652 4612 r
706 4568 760 4616 Nec
769 4569 869 4626 tamen,
882 4569 911 4615 ut
921 4569 971 4615 hoc
984 4568 1006 4628 [a
1016 4581 1152 4616 arcessere
1164 4567 1338 4614 innocentem
1347 4565 1448 4628 judicio
1462 4565 1557 4628 capitis
1567 4566 1588 4627 r]
1601 4562 1761 4627 fugiendum

640 4641 689 4697 est,
703 4640 769 4687 item
787 4641 829 4688 est
842 4638 995 4688 habendum
1013 4639 1137 4702 religioni
1148 4639 1292 4687 nocentem
1314 4636 1469 4700 aliquando,
1484 4634 1565 4685 modo
1578 4649 1611 4685 ne
1624 4635 1761 4685 netarium

640 4710 818 4773 impiumque,
832 4709 987 4760 defendere:
1005 4710 1062 4759 vult
1077 4710 1129 4759 hoc
1141 4708 1295 4767 multitudo,
1308 4711 1409 4772 patitur
1421 4705 1599 4766 consuetudo,
1612 4705 1664 4756 lert
1678 4708 1761 4757 etiam

640 4782 803 4832 humanitas.
815 4776 918 4831 iudicis
926 4784 967 4830 est
977 4795 1084 4844 semper
1097 4783 1127 4830 in
1137 4782 1226 4831 causis
1241 4795 1335 4830 verum
1347 4780 1431 4843 sequi,
1445 4778 1552 4845 patroni
1561 4792 1761 4842 nonnunquam

641 4854 795 4910 verisimile,
811 4854 920 4903 etiamsi
941 4854 1032 4901 minus
1057 4854 1092 4902 sit
1101 4868 1207 4911 verum,
1221 4850 1363 4902 defendere
1382 4867 1387 4911 ;
1405 4851 1475 4915 quod
1495 4850 1621 4910 scribere,
1637 4864 1759 4914 praeser-

642 4927 692 4975 tim
708 4939 769 4974 cum
781 4925 812 4974 de
825 4925 996 4988 philosophia
1011 4925 1166 4986 scriberem,
1181 4939 1237 4974 non
1248 4924 1384 4974 auderem.
1406 4923 1459 4972 nisi
1480 4922 1553 4972 idem
1567 4922 1685 4987 placeret
1697 4936 1759 4986 gra·

641 4998 755 5047 vissimo
771 4998 924 5047 Stoicorum
941 4997 1077 5045 Panaetio.
1093 5017 1103 5038 n
