4467 6167
1158 1534 1305 1603 CAPUT
1324 1534 1388 1603 lll.

716 1778 762 1839 lte
799 1800 814 1832 «
848 1769 999 1860 propriis
1021 1768 1302 1859 pbilosophorum
1325 1765 1500 1833 sententiis
1531 1793 1547 1828 »
1577 1788 1641 1855 per
1662 1765 1825 1833 Ciceronis

1068 1876 1237 1942 orationes
1252 1873 1492 1941 disseminatis.

1266 2241 1277 2296 l

757 2503 846 2567 llum
875 2500 922 2565 ita
950 2497 1206 2587 persequimur,
1240 2496 1331 2562 sicut
1358 2494 1525 2563 hacteuus
1554 2497 1716 2579 fecimus,
1746 2497 1824 2587 quid

712 2609 932 2694 potissimum
949 2626 1009 2694 per
1025 2604 1201 2670 Ciceronis
1227 2603 1402 2669 orationes
1418 2604 1449 2670 ei
1470 2604 1594 2670 rationi
1619 2603 1825 2693 respondere

710 2715 881 2792 videatur,
894 2733 1000 2800 quam
1013 2709 1054 2777 de
1069 2708 1293 2799 philosophia
1306 2708 1552 2776 adoratorium
1567 2732 1673 2777 usum
1685 2732 1825 2796 cognos-

710 2820 818 2887 cenda
834 2820 984 2885 maxime
1006 2817 1115 2905 ipsius
1139 2810 1317 2906 propriam
1338 2838 1413 2883 esse
1433 2815 1734 2904 judicaveramus,
1754 2839 1824 2906 pro·

712 2929 786 3017 pria
801 2924 955 3016 ejusdem
978 2924 1123 2991 rationis
1139 2923 1173 2990 vi
1190 2920 1419 3006 efficiebatur,
1437 2928 1475 2989 ut
1495 2944 1564 2988 non
1590 2928 1662 2989 tam
1685 2924 1824 3014 deipsis

711 3033 814 3101 rebus
829 3039 863 3100 et
886 3031 1069 3099 sententiis
1096 3051 1202 3118 quam
1228 3030 1269 3096 de
1289 3051 1410 3096 earum
1435 3014 1697 3097 tractandarum
1725 3032 1823 3097 modo

711 3161 969 3228 quaereremus.
987 3135 1087 3218 Quod
1103 3137 1247 3203 sancita
1262 3136 1337 3203 lieri
1350 3134 1483 3220 debuit,
1498 3135 1583 3203 dum
1597 3137 1634 3202 in
1650 3139 1822 3205 universis

712 3249 814 3316 rebus
825 3246 1062 3320 versabamur,
1081 3265 1231 3332 quarum
1246 3243 1288 3309 ad
1299 3265 1502 3309 communes
1513 3265 1671 3310 summas
1687 3265 1824 3312 ornnem

713 3386 727 3416 a
749 3356 887 3422 civilem
903 3353 1096 3419 orationem
1115 3350 1161 3439 (l)
1182 3378 1197 3410 »
1218 3350 1305 3416 alias
1320 3350 1388 3416 alio
1402 3348 1503 3415 modo
1519 3351 1695 3438 pertinere
1710 3358 1825 3418 noster

709 3470 829 3528 auctor
857 3457 1083 3546 intelligebat,
1110 3479 1267 3546 quasque
1296 3456 1436 3524 easdem
1464 3457 1534 3523 lere
1566 3478 1627 3545 per
1653 3457 1761 3525 libros
1789 3459 1825 3523 de

711 3567 905 3655 Republica,
920 3569 960 3631 de
971 3564 1114 3653 Lepidus
1127 3565 1189 3652 (2),
1202 3563 1242 3629 de
1255 3562 1399 3653 Officiis,
1412 3563 1598 3651 inscriptos
1614 3570 1708 3630 certa
1729 3565 1821 3631 adhi-

710 3677 781 3742 bita
800 3675 933 3740 ratione
950 3674 1023 3761 ipse
1046 3672 1253 3758 explicavit:
1282 3692 1362 3736 nam
1386 3672 1422 3736 in
1450 3670 1552 3737 rebus
1573 3671 1648 3759 ejus
1676 3674 1822 3759 generis,

711 3781 945 3871 persingulas
965 3782 1138 3847 orationes
1159 3779 1289 3868 sparsis
1310 3787 1343 3845 et
1362 3801 1441 3845 cum
1462 3778 1504 3846 ad
1524 3781 1824 3869 opportunitatem

710 3890 888 3957 variarum
914 3872 1099 3954 causarum
1130 3892 1204 3953 tum
1239 3885 1282 3952 ad
1312 3887 1516 3975 popularem
1555 3887 1824 3976 intelligentiam

709 3994 988 4073 accommodatis,
1001 3994 1093 4062 haud
1104 3994 1204 4060 facile
1216 3993 1398 4082 dijudicari
1411 4000 1535 4082 potest,
1554 3993 1637 4083 quid
1653 4018 1673 4061 a
1687 3995 1825 4084 propria

709 4102 995 4193 philosophorum
1018 4101 1175 4169 doctrina
1204 4101 1317 4189 potius
1347 4122 1453 4190 quam
1473 4123 1493 4166 a
1520 4100 1659 4189 vulgari
1675 4101 1824 4189 quadam

708 4217 741 4277 et
757 4212 790 4276 in
809 4210 921 4276 medio
944 4210 1056 4297 posita
1080 4208 1251 4296 sapientia
1273 4207 1418 4274 ductum
1438 4208 1496 4287 sit,
1519 4208 1725 4296 praesertim
1746 4229 1824 4274 curn

710 4318 816 4382 nostri
832 4316 978 4383 oratoris
994 4314 1228 4381 adulescentia
1244 4315 1279 4379 in
1296 4336 1372 4380 eam
1385 4319 1533 4381 aetatem
1550 4313 1740 4395 incidisset,
1758 4335 1825 4402 qua

707 4424 740 4488 in
759 4443 901 4488 romana
915 4421 1054 4488 civitate
1076 4449 1091 4481 «
1112 4420 1286 4509 majorum
1306 4448 1321 4482 u
1340 4419 1523 4509 prudentia
1538 4420 1655 4509 aliqua
1671 4419 1824 4509 philoso-

707 4527 809 4618 phiae
821 4549 964 4617 graecae
988 4527 1302 4594 communicatione
1314 4526 1387 4615 jam
1409 4527 1667 4594 immixtaerat.
1696 4526 1825 4606 Quem-

706 4633 893 4702 admodum
925 4635 1018 4700 enim
1050 4632 1141 4721 apud
1175 4632 1323 4700 Graecos
1354 4633 1618 4723 philosophica
1645 4633 1824 4701 communi

706 4749 739 4809 et
767 4742 865 4831 quasi
886 4762 973 4829 vaga
993 4740 1164 4829 sapientia
1183 4739 1399 4830 adproprias
1419 4740 1713 4830 sublimioresque
1730 4740 1824 4830 cogi-

736 4985 768 5049 (l)
782 4984 819 5035 Cs.
836 4986 873 5032 De
892 4985 945 5044 On,
964 4984 1010 5044 lll,
1026 4986 1071 5033 109
1084 4998 1161 5048 sqq.;
1175 4987 1204 5034 st
1218 4999 1278 5049 sqq.

736 5061 767 5120 (2)
781 5060 815 5107 De
830 5057 916 5121 primo
928 5057 1088 5121 praesertim
1101 5055 1170 5107 libro
1181 5058 1214 5106 de
1227 5056 1314 5121 Lepit.
1326 5056 1369 5106 hic
1382 5056 1521 5120 loquimur
