4467 6167
1029 823 1199 889 ,75-

553 996 582 1051 in
605 1011 641 1051 eo
656 1011 775 1051 morum
795 993 938 1064 asperitas
950 996 1029 1048 certe
1044 1008 1104 1047 nou
1122 990 1407 1062 reprehenditur;at
1419 991 1593 1062 gravissime
1606 992 1680 1047 vitu·

557 1089 688 1155 paratur,
712 1084 763 1155 qui
792 1084 823 1138 iu
842 1082 934 1139 tantis
955 1081 1122 1145 heneficiiS,
1134 1085 1246 1151 quanta
1269 1097 1321 1134 vos
1336 1080 1367 1134 in
1381 1096 1428 1136 me
1445 1080 1615 1136 contulistis
1629 1081 1676 1152 (l),

554 1173 786 1229 remunerandis
799 1177 843 1227 est
856 1171 980 1237 tardior,
990 1186 1089 1240 neque
1104 1168 1203 1223 solum
1220 1166 1373 1241 ingratus,
1383 1170 1462 1239 quod
1479 1170 1578 1240 ipsum
1593 1186 1677 1241 grave

557 1269 612 1330 est,
626 1279 729 1317 verum
750 1262 839 1317 etiam
859 1260 967 1330 impius
992 1258 1161 1331 appelletur
1187 1273 1310 1312 necesse
1335 1264 1389 1313 est.
1403 1263 1498 1329 Atque
1528 1260 1559 1313 in
1580 1259 1677 1314 ollicio

556 1353 748 1423 persolvendo
763 1352 915 1408 dissimilis
930 1358 976 1406 est
989 1352 1064 1406 ratio
1087 1352 1234 1421 pecuniae
1258 1350 1403 1416 redditae,
1417 1353 1577 1419 propterea
1601 1349 1679 1418 quod

556 1442 724 1513 pecuniam,
746 1442 798 1512 qui
813 1440 932 1510 retinet,
953 1457 1014 1496 nou
1034 1438 1180 1507 dissolvit,
1195 1439 1246 1510 qui
1262 1439 1401 1506 reddidit,
1415 1453 1477 1492 non
1489 1438 1594 1506 habet3
1611 1453 1677 1509 gra·

554 1531 627 1586 tiam
642 1535 672 1585 et
682 1531 733 1601 qui
748 1530 872 1597 rettulit,
887 1530 986 1598 hahet,
1000 1535 1029 1584 et
1045 1529 1095 1600 qui
1110 1528 1211 1597 hahet,
1223 1528 1355 1583 dissolvit
1369 1528 1419 1598 (2).

557 1694 726 1763 Similiter
756 1695 791 1761 in
838 1717 943 1762 causa
983 1694 1043 1761 Cn.
1084 1694 1219 1761 Plancii
1250 1720 1265 1755 α
1291 1691 1332 1760 de
1371 1691 1546 1759 sodaliciis
1578 1720 1593 1751 »
1629 1692 1678 1758 rei

556 1800 662 1892 hujus
689 1823 772 1891 erga
800 1824 836 1869 se
868 1802 992 1870 merita
1023 1800 1331 1868 commemorando
1357 1798 1542 1867 adducitur
1571 1805 1610 1866 ut
1637 1797 1677 1866 de

553 1908 686 1998 gratiae
710 1908 910 1976 referendae
925 1909 1040 1976 officio
1056 1910 1104 1975 ita
1119 1907 1268 1975 disserat
1284 1926 1291 1973 :

589 2074 715 2142 Etenim,
746 2074 874 2145 J'udiceS,
901 2089 969 2128 cum
1000 2073 1140 2129 omnihus
1173 2060 1339 2129 virtutibus
1370 2090 1417 2128 me
1444 2073 1585 2128 allectum
1614 2089 1677 2127 esse

555 2164 654 2235 cupio,
663 2168 726 2218 tum
742 2162 817 2218 nihil
829 2168 884 2231 est,
901 2162 980 2233 quod
991 2161 1203 2233 malim,quam
1214 2179 1262 2218 me
1276 2167 1307 2216 et
1317 2178 1381 2217 esse
1395 2167 1513 2235 gratum
1529 2166 1559 2215 et
1572 2160 1675 2216 videri.

555 2254 631 2308 Haec
652 2259 696 2307 est
721 2253 800 2307 euim
820 2268 880 2307 una
903 2251 997 2306 virtus
1019 2268 1079 2306 non
1103 2252 1201 2307 solum
1224 2252 1364 2317 maxima,
1394 2252 1447 2307 sed
1470 2251 1559 2306 etiam
1582 2254 1678 2305 mater

553 2342 695 2398 virtutum
707 2342 842 2397 omnium
858 2340 1052 2410 reliquarum.
1065 2340 1141 2406 Quid
1158 2345 1203 2396 est
1215 2341 1311 2411 pietas
1325 2338 1384 2393 uisi
1396 2337 1534 2392 voluntas
1549 2342 1632 2410 grata
1647 2338 1677 2393 iu

553 2432 709 2502 parentes?
724 2433 774 2503 qui
794 2436 864 2486 sunt
877 2431 948 2486 honi
964 2430 1052 2497 cirea,
1066 2431 1117 2500 qui
1144 2430 1225 2497 helli,
1242 2430 1294 2500 qui
1308 2428 1387 2483 domi
1414 2428 1450 2482 de
1476 2427 1574 2498 patria
1601 2428 1676 2481 hene

554 2526 713 2587 merentes,
730 2520 788 2575 nisi
804 2520 853 2590 qui
881 2518 993 2589 patriae
1017 2518 1164 2574 beneficia
1189 2516 1413 2574 meminerunt?
1433 2518 1483 2587 qui
1499 2517 1605 2583 sancti,
1627 2516 1676 2586 qui

555 2609 732 2680 religionum
747 2608 889 2676 colentes,
906 2608 964 2662 nisi
977 2608 1028 2677 qui
1042 2608 1179 2663 meritam
1190 2608 1236 2663 dis
1251 2606 1470 2663 immortalibus
1478 2606 1605 2678 gratiam
1615 2606 1677 2675 jus-

556 2698 592 2752 tis
612 2699 777 2753 honoribus
797 2702 826 2752 et
840 2697 966 2753 memori
988 2702 1087 2752 mente
1101 2697 1293 2769 persolvunt‘.l
1308 2700 1386 2763 Quae
1403 2700 1500 2767 potest
1520 2712 1585 2751 esse
1600 2696 1676 2749 vitae

553 2786 722 2857 jucunditas
734 2786 857 2841 sublatis
878 2790 1042 2844 amicitiis?
1055 2808 1121 2861 quae
1139 2807 1229 2861 porro
1250 2790 1381 2845 amicitia
1395 2794 1495 2861 potest
1509 2805 1573 2844 esse
1600 2789 1677 2842 iuter

554 2877 705 2948 ingratos?
718 2877 787 2942 Quis
797 2881 841 2930 est
852 2884 988 2933 nostrum
999 2878 1163 2934 liberaliter
1178 2880 1333 2945 educatus,
1346 2880 1393 2935 cui
1411 2895 1472 2934 non
1486 2880 1674 2946 educatores,

555 2967 602 3021 cui
622 2983 683 3021 non
697 2967 830 3039 magistri
849 2967 893 3022 sui
909 2972 998 3038 atque
1014 2969 1161 3033 doctores
1177 2969 1226 3023 cui
1241 2986 1300 3024 uon
1319 2969 1403 3024 locus
1416 2969 1479 3038 ipse
1495 2972 1597 3022 mutus
1615 2966 1675 3034 ille,

553 3056 603 3111 uhi
626 3056 715 3111 alitus
739 3061 790 3112 aut
806 3057 911 3113 doctus
931 3063 984 3126 est,
1006 3074 1073 3113 cum
1088 3064 1172 3130 grata
1187 3058 1394 3114 recordatione
1416 3058 1446 3111 iu
1463 3060 1564 3110 mente
1579 3072 1677 3111 verse-

554 3145 621 3200 tur'l
632 3146 722 3216 CuJ'us
738 3162 809 3216 opes
821 3151 920 3203 tantae
937 3162 1000 3201 esse
1016 3151 1140 3217 possunt
1151 3151 1203 3202 aut
1218 3163 1351 3218 uuquam
1367 3146 1500 3213 suerunt,
1518 3161 1595 3217 quae
1610 3145 1675 3200 siue

555 3234 718 3290 multorum
727 3236 891 3291 amicorum
902 3235 1008 3291 officiis
1018 3241 1097 3290 stare
1109 3236 1224 3306 possint
1234 3236 1247 3291 ‘l
1256 3253 1331 3307 quae
1344 3242 1423 3291 certe
1435 3233 1554 3289 suhlata
1563 3250 1676 3288 memo-

554 3322 750 3393 riaetgratia
769 3322 852 3378 nulla
873 3329 988 3379 exstare
1011 3329 1145 3394 possunt,
1158 3326 1302 3396 Equidem
1330 3324 1404 3380 nihil
1432 3328 1491 3379 tam
1521 3324 1675 3394 proprium

555 3412 683 3465 hominis
696 3412 831 3466 existimo
844 3429 933 3482 quam
944 3430 1003 3468 uon
1018 3416 1105 3469 modo
1117 3415 1274 3483 beneficio,
1288 3414 1441 3469 sedetiam
1456 3412 1674 3468 benivolentiae

554 3500 770 3572 significatione
783 3500 907 3571 alligari,
937 3502 1012 3556 nihil
1034 3520 1123 3573 porro
1139 3509 1200 3558 tam
1225 3504 1434 3568 inhumanum,
1457 3506 1517 3557 tam
1531 3502 1673 3565 immane,

554 3589 724 3644 temlerum
740 3606 828 3660 quam
840 3591 1036 3657 committere,
1054 3597 1087 3647 ut
1101 3593 1248 3648 beneticio
1264 3609 1324 3648 non
1340 3592 1436 3647 dicam
1458 3592 1607 3663 indignus,
1624 3591 1675 3645 sed

554 3678 649 3734 victus
664 3696 729 3734 esse
744 3680 862 3735 videare
879 3681 932 3751 (3).

598 3844 691 3910 Haec
713 3842 874 3912 videlicet
888 3851 962 3912 erat
983 3873 997 3904 «
1021 3846 1120 3934 copia
1141 3869 1254 3913 rerum
1271 3845 1318 3936 (l)
1346 3874 1375 3929 »,
1396 3868 1465 3935 qna
1480 3846 1672 3913 orationem

555 3953 673 4019 ornari
695 3960 727 4020 et
739 3952 944 4041 amplificari
957 3952 1080 4020 dehere
1096 3953 1222 4023 aiebat.

601 4060 719 4150 Neque
734 4082 827 4142 vem,
844 4060 925 4148 quia
946 4058 1009 4126 hac
1035 4059 1273 4151 amplificandi
1293 4058 1539 4127 commoditate
1559 4064 1673 4125 orato-

555 4190 628 4233 rem
643 4168 689 4233 ita
712 4189 857 4233 usurum
873 4188 947 4234 esse
960 4167 1107 4249 censuit,
1125 4174 1163 4234 ut
1180 4195 1194 4228 «
1218 4168 1391 4235 declinare
1407 4191 1426 4234 a
1447 4168 1624 4257 proposito
1640 4174 1674 4233 et

555 4273 735 4341 deflectere
755 4275 962 4340 sententiam
976 4274 1024 4363 (5)
1040 4304 1056 4335 »
1074 4275 1105 4341 ei
1127 4274 1261 4358 liceret,
1282 4275 1360 4342 ideo
1382 4274 1576 4364 putandum
1606 4279 1671 4355 est,

584 4488 618 4550 (1)
634 4486 673 4536 Ad
684 4500 715 4535 ea
727 4486 809 4535 verba
823 4485 966 4535 dumtaxat
978 4488 1101 4549 spectant
1113 4502 1153 4544 ea,
1165 4501 1233 4549 quae
1255 4487 1296 4536 sic
1318 4486 1432 4535 dicimus
1451 4501 1456 4532 :
1474 4502 1484 4529 a
1500 4484 1673 4547 paucissimis
1767 4543 1770 4549 .

554 4561 643 4610 verbis
656 4561 769 4610 mutatis
787 4579 808 4607 ».

586 4635 617 4695 (ll
626 4636 687 4682 Post
700 4632 817 4681 reditum
828 4631 865 4679 ad
874 4630 999 4690 Quirites,
1011 4634 1082 4680 22-23
1099 4659 1122 4667 -
1133 4634 1260 4681 Extrema
1269 4631 1444 4689 sententia-
1453 4644 1521 4693 quae
1532 4630 1673 4679 nonnullis

554 4705 668 4754 eruditis
681 4704 740 4752 visa
753 4707 793 4752 est
804 4717 820 4751 a
831 4701 949 4751 lihrariis
958 4703 1009 4752 hoc
1021 4703 1080 4753 loco
1092 4702 1184 4752 addita
1197 4717 1266 4762 esse,
1279 4730 1306 4739 --
1317 4703 1455 4751 invenitur
1465 4700 1560 4749 eadem
1571 4700 1673 4750 eisdem

554 4777 644 4825 verhis
658 4777 798 4825 enuntiata
813 4776 841 4823 iu
857 4777 924 4823 orat.
941 4776 970 4824 Ρ.
986 4774 1106 4833 Plancio,
1124 4777 1162 4831 68,
1178 4774 1285 4822 —etin
1298 4773 1344 4822 lih.
1363 4774 1384 4822 ll
1401 4775 1438 4821 lle
1451 4773 1534 4836 Offic,
1553 4775 1592 4822 69.

586 4850 618 4908 (3)
636 4848 686 4895 Pro
701 4846 820 4904 Plancio,
833 4847 917 4895 att-81.

586 4918 618 4979 (l)
634 4920 672 4966 De
691 4918 733 4966 Or.
751 4918 795 4974 lll,
811 4919 864 4964 125.
878 4916 916 4965 Cl.
933 4930 1014 4980 supra
1026 4919 1110 4966 nostr.
1125 4916 1194 4978 part.
1208 4914 1228 4972 l,
1244 4927 1301 4978 cap.
1318 4913 1361 4962 lV.

584 4993 619 5053 (5)
633 4990 671 5040 Cl.
688 4991 772 5047 Orat„
790 4992 846 5041 131.
