4467 6167
1031 821 1197 885 43-

558 994 779 1082 eloquentem
794 988 909 1055 adhuc
922 989 1099 1056 neminem
1121 1016 1136 1049 n
1159 987 1219 1076 (t).
1246 1026 1282 1038 -
1301 987 1372 1069 Sic,
1404 994 1481 1075 post
1499 986 1675 1054 alternum

557 1098 686 1188 dialogi
706 1097 805 1186 quasi
824 1095 1021 1175 exordium,
1038 1096 1214 1162 Antonius
1228 1102 1262 1162 et
1281 1092 1426 1161 Crassus
1445 1095 1479 1159 in
1496 1092 1561 1161 hoc
1593 1115 1677 1160 con-

558 1207 688 1274 sentire
704 1203 807 1293 plane
818 1201 995 1282 videntur,
1022 1202 1140 1291 quod«
1160 1225 1260 1270 neino
1281 1200 1402 1291 possit,
1421 1200 1489 1267 uisi
1509 1201 1569 1291 qui
1598 1196 1672 1274 illa,

557 1335 647 1403 quae
667 1334 688 1378 a
712 1309 925 1378 doctissimis
949 1308 1153 1376 hominihus
1186 1310 1219 1375 in
1248 1308 1472 1400 philosophia
1499 1311 1672 1385 dicantur.

557 1420 772 1511 cognoverit,
801 1425 862 1485 aut
879 1414 1005 1484 callide
1033 1421 1092 1482 aut
1131 1416 1269 1505 copiose
1298 1415 1410 1485 dicere
1434 1448 1449 1480 n
1479 1419 1527 1509 (2)
1550 1437 1619 1488 tne
1639 1418 1674 1485 id

557 1528 699 1618 quidem
709 1547 853 1616 gravem
865 1525 956 1591 inter
968 1545 1027 1590 eos
1042 1521 1293 1590 dissensionem
1323 1524 1442 1607 efficit,
1481 1525 1575 1616 quod
1602 1528 1676 1594 An-

557 1636 676 1703 tonius
694 1630 943 1701 animadvertit
962 1629 1023 1719 (3),
1052 1652 1158 1719 quam
1183 1659 1196 1690 α
1215 1630 1357 1699 difficile
1378 1632 1470 1700 factu
1498 1663 1512 1693 n
1530 1641 1623 1700 esset
1636 1656 1677 1701 ea

557 1744 791 1810 maximarum
804 1740 934 1808 artium
959 1737 1002 1805 ad
1020 1736 1157 1804 dicendi
1193 1737 1392 1806 facultatem
1421 1738 1608 1830 adjunctio,
1634 1779 1676 1791 -·

557 1872 639 1918 cum
657 1845 865 1937 uterquelt)
891 1866 1006 1933 neque
1035 1866 1073 1912 se
1105 1866 1218 1933 neque
1245 1867 1457 1936 quemquam
1486 1846 1600 1914 adhuc
1633 1847 1675 1915 ad

557 1980 638 2025 eum
653 1955 785 2023 summi
798 1952 1012 2043 perfectique
1032 1952 1181 2018 oratoris
1192 1954 1291 2041 quasi
1316 1952 1463 2043 gradum
1479 1954 1677 2023 ascendisse

558 2063 773 2154 profiteatur.

602 2170 822 2237 Haectamen
835 2166 1019 2255 utriusque
1031 2165 1213 2233 consensio
1228 2166 1261 2233 in
1275 2173 1429 2235 extrema
1451 2168 1556 2259 hujus
1571 2170 1675 2259 primi

557 2275 639 2344 libri
658 2282 755 2366 parte
770 2274 885 2363 rumpi
900 2272 1051 2357 videtur,
1068 2273 1328 2341 uhiAntonium
1348 2275 1509 2342 audimus
1525 2277 1677 2345 rationes

557 2385 652 2474 ipsas
667 2382 897 2462 refellentem,
917 2379 1138 2470 quibuscum
1156 2380 1300 2448 Crassus
1318 2388 1392 2448 tum
1423 2383 1481 2450 ille
1502 2382 1676 2452 Charma-

556 2491 618 2566 das
632 2492 667 2556 in
692 2488 926 2579 disputatione
942 2487 985 2554 ah
1003 2490 1155 2555 Antonio
1171 2497 1442 2556 commemorata
1460 2489 1678 2559 demonstra·

556 2598 641 2665 bant
674 2624 691 2658 «
736 2594 993 2685 philosophiam
1027 2596 1155 2662 oratori
1182 2595 1375 2662 necessario
1418 2597 1676 2686 percipiendam

557 2728 632 2772 esse
655 2733 671 2766 n
693 2704 766 2793 (5);
790 2702 855 2768 hoc
876 2703 970 2769 enim
995 2701 1184 2783 contendit,
1205 2727 1221 2766 a
1249 2704 1392 2780 oratori,
1410 2704 1471 2793 qui
1496 2705 1532 2771 in
1548 2706 1677 2795 populo

556 2812 703 2901 foroque
740 2824 912 2885 versetur,
944 2794 1123 2874 satisesse
1153 2830 1193 2875 ea
1223 2807 1264 2875 de
1305 2808 1462 2876 moribus
1493 2810 1676 2879 hominum

557 2929 590 2989 et
610 2923 699 2989 scire
712 2927 745 2988 et
765 2918 893 2993 dicere,
911 2937 1000 3003 qnae
1012 2936 1079 2981 non
1095 2914 1306 2982 abhorreant
1319 2915 1362 2982 ab
1373 2915 1556 2984 hominum
1571 2919 1677 2986 mori-

556 3026 622 3093 bus
639 3057 652 3086 n
667 3025 728 3115 (6);
746 3025 894 3115 quaerit,
912 3051 928 3084 a
943 3024 1021 3111 quis
1037 3046 1191 3113 unquam
1207 3031 1323 3091 orator
1340 3046 1487 3113 magnus
1500 3032 1532 3092 et
1548 3026 1678 3114 gravis,

555 3154 635 3199 cum
651 3133 780 3199 iratum
793 3130 993 3197 adversario
1000 3129 1155 3219 judicem
1178 3133 1288 3198 lacere
1304 3131 1421 3215 vellet,
1456 3131 1677 3201 haesitaverit

555 3238 600 3306 ob
633 3262 709 3305 eam
729 3259 883 3317 causam,
916 3236 1008 3326 quod
1042 3240 1202 3315 nesciret,
1229 3238 1312 3327 quid
1361 3246 1450 3305 esset
1480 3239 1672 3312 iracundia.

554 3346 717 3412 fervorne
733 3344 860 3410 mentis
876 3366 917 3410 an
934 3342 1108 3431 cupiditas
1120 3345 1285 3432 puniendi
1302 3345 1456 3413 doloris?
1475 3373 1543 3413 ...r
1564 3347 1676 3432 addit,

556 3450 598 3517 ab
618 3452 694 3540 ipso
708 3450 905 3517 animorum
919 3456 1023 3537 atque
1038 3450 1226 3516 affectuum
1251 3452 1535 3519 concitandorum
1562 3454 1676 3522 officio

555 3558 610 3642 (in
648 3579 717 3645 qno
755 3555 904 3621 maxime
933 3555 985 3620 vis
1011 3555 1158 3627 oratoris
1192 3557 1348 3646 exsistat)
1381 3558 1673 3649 philosophorum

556 3665 732 3733 doctrinas
743 3662 940 3747 abhorrere,
960 3662 1088 3750 quippe
1109 3663 1169 3750 qui
1190 3692 1201 3721 «
1239 3665 1365 3752 partim
1386 3668 1528 3734 omnino
1560 3677 1676 3735 motus

555 3779 684 3862 negent
702 3771 874 3838 inanimis
887 3769 978 3837 ullos
991 3791 1067 3835 esse
1090 3768 1226 3842 debere.
1245 3772 1376 3862 quique
1391 3796 1449 3840 eos
1470 3775 1503 3839 in
1517 3775 1676 3865 judicum

555 3877 733 3947 mentibus
752 3879 938 3958 concitent,
960 3875 1072 3943 scelus
1085 3878 1449 3948 eosnefariumfacere
1466 3881 1527 3972 (i),
1546 3923 1576 3930 -
1598 3905 1676 3972 par-

554 3987 619 4053 tim
639 3985 731 4076 (8)...
751 3984 1005 4075 permediocres
1019 4006 1058 4051 ae
1074 3986 1190 4074 potius
1211 3986 1305 4054 leves
1325 3995 1441 4056 motus
1465 3990 1676 4058 debereesse

587 4205 621 4266 (1)
634 4206 665 4252 ol
680 4204 702 4265 (a
719 4202 828 4253 libellus
843 4223 854 4246 υ
868 4203 1068 4252 inscribebatur
1081 4223 1091 4245 ιι
1104 4203 1136 4252 de
1152 4204 1256 4253 ratione
1271 4204 1376 4253 dicendi
1390 4206 1421 4262 ”l-

574 4277 620 4355 Ι(2)
638 4274 750 4323 Antonii
763 4273 851 4322 verbis
864 4274 911 4335 (93)
934 4272 965 4322 de
980 4272 1113 4322 industrie
1125 4275 1236 4334 utimur,
1254 4289 1288 4325 ne
1311 4277 1370 4338 ejus
1388 4275 1553 4357 sententiam
1569 4280 1674 4326 niutare

553 4344 729 4480 wlfillbullr.
743 4417 763 4476 1,
779 4418 817 4466 81.
832 4415 870 4464 Cf.
885 4429 966 4479 supra
979 4429 1005 4479 p.
1018 4418 1056 4464 12.

588 4490 622 4550 (4)
637 4488 780 4540 Antonius,
797 4490 836 4546 94,
849 4514 878 4524 —
892 4488 1014 4545 CrassuS,
1030 4488 1114 4535 'it-79.

484 4577 488 4581 ·
588 4560 621 4622 (5)
634 4559 674 4609 lta
687 4579 698 4602 «
716 4558 942 4622 philosophorum
959 4573 973 4606 r
988 4560 1152 4607 sententiam
1167 4559 1300 4610 Antonius
1314 4559 1404 4622 refert,
1418 4562 1471 4609 219.

587 4630 620 4693 (6)
631 4630 670 4678 Dc
685 4630 759 4679 Orat.
776 4631 796 4686 l,
812 4632 871 4689 2193
888 4630 921 4679 cf.
936 4630 1018 4679 etiam
1033 4632 1087 4678 223.

588 4703 621 4763 (Ἰ)
636 4702 672 4749 De
688 4701 731 4749 Or.
748 4702 767 4759 l,
784 4703 838 4750 220.
855 4701 993 4759 Quatenus
1010 4703 1102 4749 autem
1117 4701 1173 4759 fiat,
1189 4705 1219 4751 ut
1244 4705 1356 4751 orator«
1373 4703 1402 4751 in
1417 4702 1622 4752 commovendis
1636 4704 1676 4766 ju·

555 4771 661 4821 dicihus
672 4773 710 4821 eis
719 4772 785 4836 ipsis
796 4773 932 4830 sensibus,
944 4772 976 4821 ad
988 4786 1055 4834 quos
1071 4772 1135 4821 illos
1146 4772 1278 4822 adducere
1291 4774 1364 4831 velit,
1379 4775 1437 4838 ipse
1448 4778 1638 4836 permoveatur
1652 4794 1674 4834 v,

555 4846 583 4924 et
594 4844 744 4924 antonium
764 4843 949 4927 disputantem
973 4844 1063 4892 Cicero
1081 4844 1146 4893 facit
1162 4845 1208 4907 (De
1222 4845 1266 4893 Or.
1281 4845 1313 4903 11,
1328 4848 1372 4894 189
1393 4849 1461 4908 sqq.)
1475 4847 1501 4894 et
1527 4846 1584 4908 ipse
1601 4844 1634 4895 de
1647 4859 1675 4894 se

555 4914 900 5049 millailclaldbnllcilscilicet
915 4989 942 5035 et
951 4986 1131 5051 Peripatetici,
1141 5001 1209 5050 quos
1225 4988 1316 5037 Cicero
1333 4988 1498 5050 conjungere
1514 4985 1591 5037 solet.
