4467 6167
942 873 1093 937 -13..

458 1043 653 1111 accuratius
681 1045 941 1134 anquirendum
963 1045 1177 1133 putavimuS,
1205 1044 1297 1133 quod
1320 1044 1400 1112 talis
1421 1044 1576 1135 philoso-

458 1150 559 1239 phiae
577 1150 833 1218 commendatio
852 1174 919 1217 non
943 1153 1061 1218 statim
1080 1172 1272 1239 congruere
1287 1151 1426 1219 videtur
1440 1174 1577 1222 cumea

457 1268 604 1334 oratoris
624 1266 812 1334 definiendi
829 1267 991 1342 formula,
1015 1264 1121 1356 quam
1152 1275 1184 1335 et
1209 1273 1348 1334 secutus
1382 1275 1416 1335 et
1445 1268 1576 1356 profes·

457 1396 516 1440 sus
550 1373 669 1439 Cicero
709 1372 837 1455 docuit,
875 1372 918 1440 ad
956 1374 1135 1462 propriam
1166 1372 1300 1441 dicendi
1336 1373 1474 1441 laudem
1507 1396 1576 1440 non

458 1487 594 1546 tantum
647 1479 814 1547 interesse
854 1478 942 1569 quid
985 1480 1171 1561 diceretur,
1220 1486 1389 1569 quantum
1430 1502 1578 1569 quonam

457 1585 556 1651 modo
577 1585 624 1673 (Ι)
650 1613 657 1651 :
685 1586 733 1651 sic
753 1586 847 1651 enim
867 1586 902 1651 in
922 1584 983 1652 illo
1003 1586 1078 1674 ipso
1098 1584 1201 1671 libro,
1224 1585 1285 1652 ubi
1306 1608 1445 1652 summa
1464 1592 1577 1653 orato·

457 1694 505 1758 ris
531 1695 663 1781 species
684 1697 718 1757 et
744 1693 857 1780 ligura
877 1691 1095 1773 describitur,
1120 1732 1164 1741 -
1184 1693 1242 1781 qui
1263 1693 1418 1781 primum
1443 1692 1576 1768 statuit,

459 1828 474 1861 «
497 1800 571 1865 sine
584 1798 804 1887 philosophia
819 1821 886 1865 non
898 1821 998 1887 posse
1010 1800 1113 1883 effici,
1126 1821 1231 1888 quem
1248 1806 1402 1887 quaerat,
1414 1800 1579 1888 eloquen-

457 1913 527 1974 tem
565 1934 579 1965 »
614 1904 674 1994 (2),
706 1904 799 1972 idem
841 1905 966 1972 deinde
995 1905 1141 1996 judicat,
1174 1928 1245 1973 non
1267 1933 1282 1967 «
1313 1906 1350 1972 in
1369 1905 1579 1974 inveniendo

457 2020 490 2079 et
503 2011 704 2079 collocando
717 2040 747 2092 »,
770 2012 828 2078 sed
847 2037 862 2075 u
886 2013 919 2077 in
937 2013 1131 2101 eloquendo
1154 2041 1183 2088 »,
1203 2012 1267 2079 hoc
1286 2019 1337 2079 est
1359 2032 1365 2078 :
1392 2040 1408 2074 «
1438 2014 1475 2078 in
1502 2035 1579 2079 ora-

459 2120 563 2186 tionis
582 2141 707 2208 genere
725 2147 756 2198 »,
770 2118 883 2207 qualis
900 2120 976 2185 sit«
993 2142 1153 2186 summus
1166 2125 1283 2185 orator
1298 2146 1328 2201 n,
1346 2118 1409 2185 sibi
1428 2121 1579 2187 maxime

459 2225 701 2314 quaerendum
718 2247 793 2292 esse
815 2225 875 2314 (3).
902 2226 1024 2315 Neque
1042 2226 1196 2315 profecto
1220 2226 1351 2292 mirum
1375 2232 1438 2307 est,
1461 2227 1520 2314 qui
1537 2226 1579 2293 de

457 2355 595 2399 summa
608 2334 806 2421 eloquentia
822 2332 906 2401 haec
923 2334 1083 2418 senserit,
1099 2333 1193 2399 hunc
1207 2331 1249 2399 ad
1270 2354 1347 2399 eam
1358 2332 1577 2400 efficiendam

460 2440 666 2507 universum
685 2468 700 2501 a
720 2440 917 2506 litterarum
939 2468 954 2500 u
970 2439 1153 2530 studium(
1180 2439 1204 2531 ),
1221 2478 1266 2489 -
1294 2440 1330 2505 in
1351 2462 1419 2529 quo
1448 2440 1580 2507 scilicet

458 2547 711 2635 elegantissimi
738 2546 980 2636 philosophiae
1016 2547 1203 2636 scriptores
1238 2546 1370 2635 [quales
1403 2547 1477 2636 ipse
1513 2569 1584 2613 non

460 2654 568 2721 semel
590 2652 639 2743 (5)
660 2654 854 2742 designavit
882 2653 1174 2743 Theophrastum,
1205 2654 1443 2738 Aristotelem,
1464 2654 1580 2721 Xeno·

458 2761 635 2851 phontem,
671 2761 870 2848 Platonem]
890 2783 957 2829 una
991 2784 1072 2830 cum
1092 2762 1202 2851 poetis
1223 2767 1257 2829 et
1277 2760 1454 2828 historicis
1480 2761 1579 2849 quasi

459 2867 768 2939 confunderentur.
791 2906 835 2917 —
855 2869 922 2934 sihi
942 2870 1105 2936 ascivisse
1132 2890 1215 2949 3nec
1240 2889 1322 2934 vero
1349 2867 1439 2935 hanc
1466 2869 1580 2957 ipsam

443 2977 644 3056 rationem,
660 2996 764 3063 quam
782 2973 1019 3054 Quintilianus
1035 2983 1154 3064 postea
1177 2976 1213 3042 in
1238 2996 1300 3040 sua
1327 2975 1485 3041 Oratoria
1511 2978 1581 3041 lus-

462 3080 617 3147 titutione
642 3079 690 3171 (6)
722 3082 874 3147 maxime
896 3081 1146 3169 amplificatam
1179 3080 1382 3164 illustravit,
1413 3103 1433 3147 a
1461 3087 1580 3147 nostro

489 3307 521 3367 (Ι)
539 3304 576 3354 Cf.
591 3305 729 3364 0rat.,51:
743 3324 753 3346 u
808 3318 871 3353 cum
886 3302 988 3366 etquid
1015 3307 1042 3354 et
1056 3318 1109 3367 quo
1127 3304 1187 3354 loco
1203 3304 1275 3355 dicat
1298 3306 1441 3362 invenerit,
1456 3304 1524 3355 illud
1539 3308 1582 3356 est

458 3376 538 3439 longe
561 3377 730 3425 maximum:
746 3376 836 3425 videre
853 3390 973 3440 quonam
994 3376 1105 3425 modo...
1124 3396 1135 3419 n
1154 3376 1283 3426 Eamdem
1298 3377 1325 3424 in
1346 3391 1454 3426 summa
1469 3379 1580 3427 senten·

456 3448 524 3497 tiam
536 3448 711 3511 agnoscimus
724 3448 753 3496 in
767 3445 844 3496 libris
859 3448 897 3496 De
914 3447 988 3496 Orat.
1005 3448 1053 3511 (Cf.
1071 3448 1232 3511 praesertim
1243 3447 1290 3497 lib.
1306 3449 1353 3511 ΙΙΙ,
1369 3451 1399 3497 52
1415 3463 1484 3512 sqq,
1500 3450 1581 3513 atque

458 3521 521 3579 ΙῡΙ;
538 3520 570 3578 ΙΙ,
584 3520 648 3579 120).

488 3590 522 3653 ta)
538 3590 577 3640 cf.
594 3590 678 3650 crae,
693 3592 732 3639 ir.

488 3662 522 3723 (3)
538 3660 576 3710 Gi.
592 3661 676 3719 urat,
691 3664 720 3709 52
738 3675 744 3720 ;
761 3662 850 3721 54-55;
863 3663 902 3710 61.

487 3733 520 3795 (Ι)
536 3733 611 3781 Sicut
620 3732 649 3780 in
661 3732 783 3781 oratione
795 3734 846 3779 Pro
872 3731 981 3791 Archia,
1000 3746 1058 3796 cap.
1069 3735 1092 3790 6.
1119 3732 1151 3782 de
1177 3733 1276 3783 titteris
1301 3733 1429 3796 loquitur,
1448 3736 1582 3797 tanquam

458 3818 514 3852 «ex
528 3805 571 3853 his
585 3802 682 3854 studiis
695 3804 762 3852 haec
791 3805 925 3852 cresceret
939 3803 1026 3852 oratio
1051 3805 1079 3852 et
1097 3803 1225 3864 facultas,
1241 3808 1460 3869 quantacumque
1476 3806 1505 3853 in
1520 3806 1581 3869 ipso

456 3879 592 3935 esset...»;
609 3888 767 3938 quanquam
782 3874 869 3931 ineis
887 3888 955 3938 quae
973 3877 1132 3937 sequuntur,
1143 3874 1177 3925 ad
1185 3875 1413 3940 philosophorum
1428 3876 1582 3927 doctrinam

457 3948 575 3995 maxime
595 3945 741 4009 disputatio
757 3944 908 3995 traducitur
925 3946 1062 4006 (similiter
1078 3949 1159 4010 atque
1181 3947 1210 3996 in
1222 3948 1314 4004 Bruto,
1331 3950 1401 4009 322);
1420 3951 1447 3998 et
1471 3948 1582 4011 quidem

457 4019 550 4066 noster
559 4019 654 4066 auctor
665 4016 717 4065 hoc
730 4016 812 4065 verbo
826 4036 837 4059 «
855 4016 952 4065 litteris
968 4036 979 4060 ι»
995 4030 1051 4065 non
1063 4017 1147 4067 semel
1160 4018 1246 4067 utitur
1269 4016 1302 4066 ad
1317 4017 1521 4081 philosophiam
1537 4032 1582 4067 so·

457 4088 512 4138 lam
522 4086 718 4151 designandam
734 4086 781 4149 (Gi.
794 4087 832 4135 De
848 4088 1027 4151 Haruspicum
1042 4102 1176 4152 responso,
1195 4090 1240 4146 Ι8;
1258 4089 1332 4138 Tuae.
1350 4090 1378 4149 V,
1397 4092 1462 4153 105).

490 4161 521 4223 (5)
534 4161 695 4210 Praesertim
709 4160 737 4208 in
755 4159 875 4217 Oratore,
889 4172 948 4222 cap.
960 4160 1033 4207 1920
1050 4160 1132 4221 (ubic
1149 4162 1285 4209 oratorem
1298 4161 1417 4224 sejungit
1433 4175 1449 4209 a
1462 4159 1582 4224 philoso-

456 4233 573 4295 phorum
585 4231 775 4294 eloquentia,a
786 4231 978 4293 sophistarum,
986 4229 1019 4278 ab
1027 4230 1253 4290 historicorum,a
1264 4232 1408 4293 poetarum
1421 4232 1458 4293 )))ι
1476 4252 1487 4275 «
1495 4231 1584 4290 Quan-

459 4318 541 4367 quam
556 4304 630 4352 enim
644 4305 671 4352 et
684 4302 839 4365 philosophi
856 4302 965 4365 quidam
988 4305 1081 4351 ornate
1103 4302 1187 4352 locuti
1201 4304 1302 4361 sunt,...
1318 4305 1368 4352 etc.
1386 4322 1398 4347 ι»
1428 4304 1465 4352 De
1479 4302 1583 4353 eisdem

459 4373 493 4424 ci.
509 4375 633 4430 Brutum,
647 4376 708 4434 1213
726 4373 831 4422 Tuscut.
849 4374 869 4431 Ι,
885 4375 930 4420 122
937 4388 944 4433 ;
961 4373 1000 4421 De
1013 4372 1126 4436 Officiis,
1139 4374 1159 4432 Ι,
1171 4375 1202 4432 Ι;
1219 4376 1270 4422 etc.

491 4446 522 4508 (6)
537 4446 594 4495 Lih.
607 4446 637 4505 X,
658 4458 715 4507 cap.
735 4447 756 4493 1.
770 4472 801 4479 -
813 4442 946 4492 Eumdem
962 4444 1160 4502 Quintilianum
1181 4443 1304 4493 videmus
1320 4444 1349 4493 in
1373 4459 1421 4495 suo
1438 4444 1508 4494 lihro
1523 4445 1581 4501 ΙΙΙΙ,

459 4531 518 4580 cap.
536 4520 558 4576 2,
575 4516 607 4566 de
622 4516 812 4580 cognoscenda
825 4515 998 4580 philosophia
1014 4529 1045 4564 ac
1060 4516 1220 4581 praesertim
1231 4516 1290 4577 ejus
1298 4519 1373 4580 parte
1387 4517 1493 4575 morali,
1508 4518 1582 4580 ipsas

458 4587 594 4637 Ciceronis
610 4587 761 4636 sententias
776 4587 893 4646 minuto,
907 4589 937 4636 ut
948 4586 1025 4644 solet,
1045 4586 1139 4636 ordine
1157 4589 1330 4649 repetentem,
1349 4587 1430 4637 simul
1445 4590 1526 4650 atque
1541 4601 1581 4647 ea,
1657 4596 1658 4600 ’

459 4672 527 4721 quae
542 4659 574 4707 de
589 4659 672 4707 variis
685 4657 912 4721 philosophorum
923 4656 1034 4707 familiis
1048 4657 1206 4707 Ciceronem
1221 4657 1406 4721 disputantem
1418 4658 1581 4712 videbimus.

458 4757 489 4766 -
504 4730 639 4779 Ciceronis
654 4730 737 4777 etiam
748 4727 781 4777 de
796 4743 828 4778 ea
842 4742 870 4777 re
881 4729 1031 4777 sententias
1049 4742 1198 4791 agnoscere
1210 4728 1277 4779 licet
1293 4730 1322 4778 in
1332 4729 1380 4789 eie,
1396 4730 1506 4793 quaein
1521 4730 1581 4779 dia-

461 4802 519 4863 topo
528 4799 719 4850 decretoribus
730 4800 861 4849 Messalae
874 4799 1005 4849 mandata
1018 4803 1083 4848 sunt
1101 4801 1170 4862 (cap.
1182 4801 1220 4851 30.
1237 4801 1276 4860 31,
1292 4802 1330 4855 32,
1341 4801 1379 4861 33)
1392 4828 1420 4835 -
1432 4801 1465 4848 Et
1474 4798 1583 4863 quidem

460 4873 618 4922 auctoritate
629 4885 734 4928 eorum,
747 4885 815 4934 quae
827 4871 864 4920 M.
882 4869 985 4919 Tullius
996 4870 1028 4919 de
1041 4870 1231 4934 philosophiae
1245 4870 1278 4920 ad
1294 4870 1498 4921 informandum
1521 4884 1581 4920 ora-

459 4948 546 4995 torem
560 4939 686 4993 utilitate
708 4941 893 4998 disseruisset,
914 4941 1029 4991 forsitan
1055 4940 1188 4990 adductus
1216 4942 1343 4991 Horatius
1356 4944 1436 5005 poeta
1463 4942 1582 4991 similem

435 5010 436 5013 ’
458 5014 639 5064 «chartarum
655 5014 852 5064 socraticarum
872 5027 888 5062 n
905 5012 1174 5063 commendationem
1190 5012 1223 5063 ad
1250 5016 1337 5063 artem
1357 5013 1493 5077 poeticam
1507 5016 1581 5061 retu-
