4467 6167
1057 819 1286 898 ‚—'ll-

640 988 721 1079 jure
744 1011 764 1055 a
784 993 911 1054 natura
929 986 1005 1075 ipsa
1027 986 1243 1076 praescripto
1280 986 1491 1075 generaliter
1516 1026 1561 1037 —
1589 996 1622 1053 et
1649 988 1762 1077 splen-

646 1094 727 1163 dide
745 1094 889 1185 quidem
908 1132 950 1143 -
975 1092 1094 1160 Cicero
1115 1092 1282 1160 disseruit
1306 1092 1365 1182 (1).
1384 1093 1472 1160 Nam
1493 1094 1535 1162 de
1554 1095 1671 1162 causis
1686 1095 1760 1185 ejus

646 1203 785 1293 generis
801 1201 877 1291 ipse
893 1207 984 1268 recte
999 1199 1312 1283 animadvertebat,
1331 1228 1346 1263 «
1372 1223 1474 1290 quae,
1500 1224 1580 1269 cum
1605 1201 1648 1269 de
1674 1204 1761 1270 tacto

645 1333 714 1378 non
741 1307 950 1398 ambigatur,
966 1314 1183 1397 quaerantur
1202 1307 1319 1398 qualia
1342 1307 1411 1375 sint
1432 1310 1552 1395 (2),11
1572 1308 1602 1374 si
1626 1331 1669 1376 ex
1693 1310 1761 1376 reis

644 1437 822 1494 numeres,
850 1422 884 1480 et
913 1413 1185 1482 innumerabilia
1203 1437 1281 1483 esse
1300 1422 1335 1482 et
1350 1414 1511 1498 obscura,
1538 1416 1567 1482 si
1586 1438 1627 1484 ex
1647 1415 1760 1499 rebus,

646 1521 745 1590 valde
764 1528 799 1589 et
821 1521 959 1588 modica
976 1527 1009 1588 et
1029 1521 1183 1590 illustria
1199 1521 1245 1612 (a)
1267 1551 1296 1588 u.
1313 1522 1498 1611 -ssNeque
1517 1544 1600 1589 vero
1617 1523 1696 1589 talis
1711 1523 1758 1588 di-

645 1629 804 1699 latandae
823 1627 1086 1718 disceptationis
1103 1628 1267 1709 formula,
1284 1629 1368 1717 quia
1388 1628 1569 1695 camilla«
1592 1630 1761 1697 constitu·

645 1739 694 1805 tio
714 1735 993 1826 conjecturalis»
1010 1735 1087 1824 ipsa
1102 1741 1246 1823 propter
1265 1756 1302 1802 se
1317 1736 1354 1801 in
1374 1757 1511 1802 summa
1526 1757 1595 1802 non
1617 1737 1762 1826 recipie-

647 1844 714 1931 bat,
742 1844 871 1912 idcirco
890 1841 933 1909 ab
960 1840 1035 1930 ejus
1054 1842 1194 1930 generis
1214 1842 1332 1909 causis
1360 1841 1407 1932 (1)
1428 1841 1701 1911 excludebatur:
1727 1845 1762 1911 in

647 1952 710 2019 bas
741 1951 847 2019 etiam
868 1947 1042 2015 introduci
1063 1953 1212 2037 poterat,
1248 1972 1316 2016 non
1351 1948 1455 2016 modo
1489 1971 1550 2039 per
1575 1972 1635 2017 cos
1669 1950 1761 2018 locos

645 2058 855 2145 conjecturae
881 2058 1041 2145 proprios
1063 2055 1105 2123 de
1125 2055 1256 2144 quibus
1277 2063 1350 2144 jam
1366 2055 1521 2123 diximus
1541 2079 1701 2147 quosque
1720 2058 1761 2126 ad

645 2165 807 2234 eumdem
823 2162 1061 2254 amplificandi
1079 2161 1223 2229 modum
1243 2164 1417 2252 pertinere
1433 2164 1551 2230 Cicero
1570 2165 1646 2253 ipse
1673 2165 1761 2232 indi-

644 2273 736 2339 cavit
757 2269 896 2360 (511111
926 2269 1075 2336 etiamsi
1095 2289 1165 2356 qua
1189 2269 1277 2336 torte
1301 2271 1477 2336 variarum
1506 2280 1636 2352 rerum,
1659 2295 1764 2362 quae·
1791 2337 1793 2341 Α

644 2401 795 2468 cumque
808 2400 868 2467 per
879 2398 1121 2467 quascumque
1137 2398 1261 2444 causae
1272 2383 1387 2466 partes
1402 2388 1639 2463 occurrerent,
1657 2378 1763 2469 digna

647 2485 835 2567 videretur,
857 2486 890 2550 in
913 2505 981 2572 qua
1005 2484 1114 2550 oratio
1135 2481 1297 2552 haereret
1314 2491 1347 2551 et
1364 2484 1508 2574 paulum
1528 2507 1762 2554 commorare-

646 2598 711 2658 tur.
732 2592 774 2658 Et
790 2591 895 2658 talem
912 2589 1056 2679 quidem
1072 2590 1117 2656 rei
1139 2589 1318 2678 augendae
1339 2592 1510 2658 rationem
1531 2606 1634 2659 omne
1654 2616 1764 2682 genus

644 2718 830 2764 causarum
846 2695 1062 2776 admittebat,
1086 2698 1294 2785 praesertim
1313 2719 1393 2765 cum
1417 2720 1456 2764 ea
1486 2699 1604 2787 plures
1638 2702 1764 2791 ampli-

646 2804 779 2872 tudinis
815 2805 944 2894 gradus
977 2803 1141 2887 baberet,
1178 2808 1250 2874 sive
1290 2829 1481 2897 paucarum
1516 2809 1763 2876 tantummodo

646 2914 898 2980 sententiarum
921 2910 1199 2995 inserendarum,
1224 2915 1298 2982 sive
1317 2915 1423 2982 latius
1439 2914 1643 2981 excurrendi
1670 2937 1766 2982 occa-

647 3021 781 3087 sionem
795 3028 914 3087 orator
927 3020 1108 3107 arriperet.
1126 3019 1195 3104 Sic,
1212 3027 1331 3089 noster
1346 3030 1474 3101 orator,
1498 3060 1532 3069 —
1554 3042 1634 3086 cum
1654 3022 1766 3088 Mure·

648 3150 728 3194 nam
750 3126 903 3194 ambitus
919 3131 1121 3193 accusatum
1138 3125 1327 3193 defendens
1355 3130 1430 3217 ipsa
1463 3132 1656 3220 tripertitae
1676 3134 1764 3201 divi-

647 3235 756 3300 sionis
785 3234 832 3323 (6)
865 3232 1096 3322 explicatione
1133 3232 1379 3314 adduceretur,
1422 3243 1457 3303 ut
1489 3238 1645 3328 Sulpicio
1672 3240 1764 3328 juris

646 3341 761 3407 civilis
778 3340 933 3406 studium
955 3360 1035 3429 prae
1049 3360 1085 3404 se
1100 3338 1226 3406 fcrenti
1238 3341 1427 3408 militarem
1445 3344 1609 3412 Murenae
1626 3346 1765 3414 laudem

646 3454 847 3535 opponeret,
881 3485 921 3493 -
944 3474 958 3505 u
993 3444 1174 3532 dignitatis
1198 3450 1422 3516 contentione
1450 3455 1494 3536 (ll
1529 3484 1542 3512 »
1566 3475 1585 3518 1
1609 3456 1762 3543 propriis

645 3553 802 3642 personis
815 3553 854 3618 ad
873 3554 966 3638 ipsas
982 3557 1074 3618 artes
1085 3555 1542 3640 generaliterconsideratas
1553 3560 1763 3628 traducenda

647 3665 751 3747 atque
772 3658 973 3748 eloquentia
999 3658 1104 3724 etiam
1125 3660 1159 3725 in
1193 3659 1280 3728 banc
1311 3664 1439 3730 artium
1464 3668 1764 3760 comparationem

648 3764 901 3831 introducenda
923 3766 987 3832 late
1004 3766 1150 3855 fuseque
1171 3775 1320 3856 vagatus
1337 3776 1389 3836 est
1405 3771 1464 3860 (8),
1489 3772 1635 3860 proinde
1663 3776 1765 3862 quasi

677 3966 711 4026 (1)
723 3965 865 4023 1111111111,
878 3967 935 4014 1-11
948 3965 1046 4027 ,01111
1057 3965 1141 4029 Lepid.
1150 3968 1169 4026 1,
1178 3982 1245 4030 quae
1257 3967 1288 4018 de
1300 3970 1359 4031 jure
1370 3972 1467 4020 natura
1476 3970 1763 4031 constitutodicuntur.

679 4039 712 4098 (2)
732 4037 781 4086 Per
798 4037 849 4086 hoc
867 4057 877 4081 a
894 4037 972 4100 quale
999 4037 1058 4085 sit»
1075 4037 1166 4087 Cicero
1186 4040 1410 4090 constitutionem
1437 4041 1590 4105 pecoralem
1614 4041 1651 4103 (id
1678 4042 1765 4092 estde

648 4108 793 4170 aequitate)
807 4108 917 4157 delinire
933 4108 1010 4157 solet.
1026 4107 1064 4157 Cl.
1078 4123 1196 4173 suprap.
1212 4113 1251 4169 73,
1264 4126 1291 4159 n.
1308 4114 1321 4159 5
1338 4115 1383 4173 ;et
1397 4113 1435 4161 De
1449 4114 1492 4163 Or.
1510 4115 1543 4173 11,
1556 4116 1608 4162 los.
1661 4138 1671 4157 ο

659 4235 662 4239 ‚
680 4180 713 4240 (3)
727 4179 765 4227 De
782 4185 825 4226 tir.
843 4180 875 4239 11,
897 4182 950 4229 131.
964 4206 993 4216 -
1004 4179 1134 4241 Ejusdem
1149 4182 1255 4244 generis
1269 4184 1471 4245 atqueMilonis
1485 4199 1569 4234 causa
1581 4185 1669 4234 luerat
1683 4199 1767 4235 causa

648 4248 675 4296 C.
692 4248 802 4297 Rabirii.

682 4320 715 4380 (1)
731 4319 891 4367 Praesertim
906 4334 968 4368 cum
992 4320 1050 4368 fieri
1065 4324 1160 4383 posset
1174 4325 1203 4370 ut
1222 4336 1277 4371 una
1292 4338 1374 4373 causa
1400 4326 1432 4375 ad
1448 4327 1542 4390 plores
1557 4328 1766 4377 constitutiones

649 4388 732 4436 simul
745 4390 899 4451 pertineret.
912 4390 949 4438 Cf.
965 4391 1003 4439 De
1015 4390 1116 4439 lacent.
1134 4394 1154 4451 l,
1171 4396 1218 4455 tl;
1234 4393 1265 4453 ll,
1284 4396 1334 4455 123
1353 4397 1449 4446 Portit.
1467 4411 1515 4455 ora,
1534 4399 1576 4444 llll
1594 4399 1615 4454 (u
1629 4398 1651 4446 si
1674 4399 1766 4462 plures

649 4473 706 4507 non
721 4473 834 4521 queas...
851 4468 883 4520 ut.

681 4532 714 4592 (5)
735 4531 769 4577 tte
787 4530 830 4578 Or.
849 4530 879 4589 11,
898 4532 1001 4579 tat-tas
1017 4548 1046 4578 :a
1064 4532 1140 4581 nulla
1154 4534 1269 4597 denique
1286 4539 1327 4584 est
1348 4551 1470 4595 causa...‚
1487 4541 1537 4587 etc.
1562 4538 1724 4597 Quinetiam
1739 4540 1767 4588 in

649 4602 688 4649 eis
701 4602 768 4664 ipsis
783 4601 874 4650 causis
900 4600 995 4650 ubido
1017 4602 1088 4651 lacto
1111 4604 1299 4668 ambig·ttur...‚
1316 4609 1366 4656 etc.
1386 4608 1433 4669 (Gt.
1451 4625 1477 4673 p.
1494 4611 1532 4667 72,
1554 4624 1582 4658 n.
1602 4612 1634 4668 8),
1650 4639 1679 4646 -
1692 4610 1766 4660 ldem

649 4676 761 4721 notatur
776 4687 791 4721 1
809 4671 983 4731 Quintiliano,
999 4672 1088 4721 lostit.
1101 4680 1180 4733 orat,
1197 4677 1227 4734 Χ,
1241 4678 1263 4734 5,
1277 4677 1313 4725 m.

681 4744 715 4802 (6)
730 4741 767 4790 ut.
781 4743 811 4790 Ρ.
827 4742 950 4801 illoram,
966 4744 992 4789 11
1004 4755 1010 4790 ι
1021 4742 1067 4790 ubi
1084 4747 1139 4793 tres
1155 4748 1336 4796 accusationis
1352 4752 1442 4810 partes
1457 4750 1495 4799 ita
1505 4751 1648 4813 distinguit
1660 4767 1665 4799 :
1677 4766 1767 4816 repre-

650 4812 812 4861 hensionem
827 4814 907 4872 vitae,
924 4815 1127 4863 contentionem
1143 4815 1291 4879 dignitatis,
1309 4819 1424 4868 crimina
1436 4821 1565 4871 ambitus.

687 4885 719 4945 (1)
735 4884 773 4930 Ea
788 4883 907 4932 secunda
920 4898 982 4947 pars
997 4885 1146 4947 explicatur
1162 4890 1190 4935 15
1203 4901 1263 4951 sqq.

685 4955 717 5013 (8)
735 4954 764 5000 l'.
780 4954 860 5011 Maru,
873 4956 944 5001 22-31
958 4953 999 5017 (111
1015 4956 1178 5017 eloquentia,
1194 4959 1242 5019 29).
