4467 6167
1012 1480 1160 1549 caros
1186 1482 1235 1548 111
1304 1448 1307 1454 ’

578 1686 652 1765 Quo
669 1683 814 1773 proprio
833 1682 967 1749 ratione
985 1683 1213 1773 quaestionem
1233 1682 1275 1749 de
1297 1682 1451 1751 universo
1468 1684 1686 1774 philosophia

618 1790 808 1857 institutam
838 1790 885 1856 od
925 1804 1094 1857 certorum
1127 1790 1250 1856 aetatis
1282 1812 1362 1856 suae
1392 1791 1685 1880 philosopkioriim

616 1898 832 1965 selectionem
856 1901 902 1964 M.
933 1900 958 1963 Τ
958 1896 1059 1964 ullius
1084 1896 1284 1965 traduxerit.

1124 2158 1135 2212 1

615 2404 655 2470 ln
695 2404 797 2471 tertio
824 2401 966 2492 quidem
995 2401 1037 2469 de
1061 2402 1204 2471 Oratore
1230 2401 1333 2483 libro,
1362 2402 1480 2470 Cicero
1520 2403 1684 2471 Crassum

570 2531 672 2576 suum
701 2508 743 2577 de
773 2510 880 2577 variis
914 2507 1202 2598 philosophorum
1233 2508 1410 2577 familiisa
1431 2510 1570 2582 Socrate
1593 2512 1680 2577 ortis

566 2616 683 2682 statim
708 2621 784 2703 post
812 2613 1039 2683 disserentem
1071 2617 1121 2700 (i)
1149 2616 1240 2697 facit,
1271 2638 1375 2705 quam
1407 2615 1449 2683 ab
1484 2617 1604 2684 eodem
1637 2617 1679 2685 de

563 2728 665 2810 rupta
678 2744 698 2788 a
712 2721 852 2789 Socrate
865 2722 925 2790 ilia
938 2722 1134 2812 «sapienter
1148 2722 1320 2790 sentiendi
1337 2729 1370 2790 et
1385 2731 1504 2790 ornate
1520 2723 1656 2790 dicendi
1668 2753 1681 2785 n

562 2828 782 2896 cohaerentia
805 2830 854 2919 (2)
879 2831 1092 2919 disputatum
1128 2836 1205 2897 est:
1233 2853 1309 2897 eam
1342 2830 1511 2896 nimirum
1545 2831 1680 2918 sapien-

562 2936 630 3003 tiae
641 2958 720 3002 cum
736 2936 934 3025 eloquentia
955 2938 1249 3026 conjunctionem,
1265 2959 1371 3026 quam
1392 2936 1446 3003 vel
1463 2936 1498 3002 in
1516 2936 1681 3026 sophistis

562 3042 761 3122 laudavit‚a
776 3043 916 3111 Socrate.
928 3045 1072 3111 fractam
1084 3067 1159 3111 esse
1173 3043 1539 3133 significavit,nonnisi
1551 3042 1680 3110 adscis-

480 3216 487 3233 ,
561 3150 668 3217 nenda
693 3150 981 3240 philosophorum
1020 3150 1177 3218 doctrina
1212 3149 1373 3238 deinceps
1410 3150 1546 3215 restitui
1580 3172 1679 3237 posse

556 3257 768 3345 judicat-De
785 3280 911 3347 magno
930 3265 1047 3331 nutem
1081 3255 1375 3346 philosophorum
1405 3262 1589 3345 proventu,
1617 3257 1677 3344 qni

562 3388 597 3432 se
615 3387 735 3445 omnes
753 3394 767 3426 n
787 3365 979 3433 Socraticos
994 3394 1007 3426 i>
1020 3387 1094 3432 esse
1109 3363 1271 3431 dixerant
1283 3363 1345 3452 (3),
1362 3362 1542 3429 -amotis
1559 3363 1677 3429 statim

561 3472 756 3539 minoribus
775 3470 962 3561 generibus
990 3471 1238 3551 Eretrioorum,
1255 3469 1498 3551 Herilliorum,
1530 3470 1678 3557 Megari-

560 3578 1165 3669 corum,Pyrrhoneorum,tanquam
1170 3577 1306 3666 jamdiu
1320 3605 1334 3637 n
1352 3576 1469 3642 fractis
1482 3581 1515 3642 et
1526 3576 1677 3643 exstinc-

560 3684 641 3749 tis»
665 3684 728 3771 (i),
758 3724 796 3734 -
828 3692 992 3775 quattuor
1020 3685 1174 3752 familiae
1198 3684 1313 3751 Crassi
1341 3684 1521 3750 selectioni
1550 3705 1677 3772 propo-

560 3796 718 3857 nuntur:
744 3792 961 3882 Peripatetici
979 3799 1012 3859 et
1038 3791 1239 3859 Academici
1268 3791 1430 3880 (quorum
1448 3796 1616 3879 utrosque
1636 3788 1678 3856 ab

559 3898 635 3986 ipso
648 3897 803 3983 Platone,
822 3899 949 3967 alteros
969 3923 1031 3989 per
1059 3899 1294 3980 Aristotelem,
1325 3898 1452 3964 alteros
1479 3919 1540 3986 per
1566 3897 1677 3963 Xeno·

560 4011 690 4071 cratem
706 4011 799 4072 ortos
816 4029 890 4073 esse
907 4006 971 4083 hoc
987 4007 1063 4094 ipso
1085 4007 1159 4074 ioco
1180 4007 1334 4090 notatur)
1350 4003 1411 4091 (5),
1430 4010 1505 4070 tum
1526 4003 1634 4069 Stoici
1644 4010 1676 4070 et

559 4111 735 4201 Epicurei,
750 4135 900 4202 quorum
911 4113 1011 4181 alteri
1026 4136 1087 4203 per
1100 4113 1307 4203 Cynicorum
1320 4112 1419 4200 quasi
1432 4110 1674 4192 hereditatem,

560 4218 658 4285 alteri
676 4241 737 4308 per
751 4220 956 4309 Cyrenaicos
985 4220 1026 4288 ad
1047 4242 1233 4287 commune
1265 4219 1416 4286 Socratis
1449 4240 1567 4285 semen
1588 4217 1676 4284 refe-

560 4331 686 4391 runtur
711 4326 769 4415 (6).
804 4328 854 4394 Ac
874 4326 915 4394 de
942 4327 997 4394 his
1021 4334 1187 4418 quattuor
1203 4329 1333 4414 sectis,
1366 4350 1452 4416 quas
1477 4328 1593 4394 Cicero
1614 4349 1676 4392 sua

560 4430 702 4520 quidem
721 4439 832 4501 aetate
848 4434 997 4503 maxime
1025 4436 1148 4503 florere
1181 4434 1330 4513 videbat,
1361 4435 1452 4503 idem
1481 4458 1542 4525 per
1561 4434 1674 4502 Crassi

559 4562 744 4629 personam
760 4564 800 4609 eo
817 4543 953 4610 acutius
978 4542 1148 4610 disserere
1170 4543 1293 4631 potuit,
1324 4544 1416 4630 quod
1436 4543 1510 4631 ipse
1535 4548 1676 4631 propter

557 4669 762 4738 graecorum
793 4650 973 4717 doctorum
1007 4651 1223 4734 varietatem,
1244 4672 1394 4739 quorum
1415 4650 1468 4718 vel
1492 4648 1673 4738 disciplina

590 4834 623 4893 pp
636 4834 674 4882 De
690 4833 734 4884 Or.
750 4834 795 4894 lll,
808 4836 893 4885 (so-72.

591 4904 910 4966 mmmmm&

591 4976 657 5039 (3),(
673 4978 691 5040 )‚
706 4979 740 5041 (5)
756 4980 784 5028 et
799 4978 831 5042 (6)
848 4978 885 5029 of.
901 4980 939 5029 Dc
954 4979 997 5028 Or.
1013 4979 1058 5037 lli,
1077 4980 1156 5027 61-62.
