4467 6167
1024 819 1220 887 -ltl'l-

556 983 709 1069 relinqui
733 980 871 1065 debere,
896 982 941 1049 M.
959 983 1096 1051 Tullius
1125 983 1213 1050 nibil
1234 1006 1317 1051 sane
1344 992 1464 1053 contra
1487 986 1586 1070 dixit,
1607 985 1676 1051 nisi

555 1092 649 1184 quod
672 1098 749 1181 post
764 1092 908 1159 relatam
921 1091 1077 1161 Caesaris
1088 1094 1297 1160 sententiam
1314 1113 1353 1158 ea
1365 1088 1674 1169 animadvertebat,

555 1198 649 1267 unde
664 1199 747 1265 satis
763 1205 917 1289 apparet,
935 1221 998 1266 cur
1020 1198 1263 1267 brevissimam
1278 1220 1361 1265 sane
1377 1196 1504 1264 borum
1526 1224 1541 1257 «
1564 1202 1675 1263 aeter·

556 1328 682 1374 norum
713 1305 967 1394 suppliciorum
989 1334 1004 1365 n
1031 1306 1400 1373 commemorationem
1419 1304 1453 1368 in
1490 1303 1676 1370 «latrones

556 1414 677 1481 Italiae
696 1443 710 1471 u
734 1413 807 1502 ipse
823 1412 988 1480 extremis
1009 1414 1141 1502 primae
1170 1412 1212 1481 de
1236 1412 1383 1480 Catilina
1411 1410 1577 1498 orationis
1597 1431 1676 1477 ver-

558 1520 611 1588 bis
632 1519 684 1608 (l)
700 1518 897 1587 intenderet
917 1542 924 1589 :

593 1708 607 1740 «
624 1689 737 1758 ltaque,
753 1693 787 1743 ut
807 1686 907 1760 aliqua
928 1688 957 1741 in
977 1688 1036 1743 vita
1065 1688 1193 1742 formido
1213 1689 1356 1759 improbis
1375 1692 1454 1744 esset
1472 1685 1577 1757 posita,
1599 1682 1678 1753 apud

557 1778 671 1833 interos
686 1777 832 1847 ejusmodi
859 1778 1006 1848 quaedam
1028 1776 1070 1831 illi
1086 1777 1202 1847 antiqui
1226 1777 1372 1848 supplicia
1395 1775 1494 1845 impiis
1516 1771 1679 1828 constituta

559 1884 623 1922 esse
639 1866 810 1940 voluerunt,
826 1867 906 1937 quod
930 1865 1065 1920 videlicet
1083 1866 1290 1938 intelligebant
1312 1866 1357 1920 bis
1378 1864 1502 1919 remotis
1528 1879 1587 1918 non
1613 1877 1677 1915 esse

559 1959 687 2010 mortem
703 1954 797 2025 ipsam
809 1954 1079 2025 pertimescendam
1094 1956 1143 2025 (2).
1164 1975 1176 2005 ι

604 2142 645 2208 Et
669 2163 765 2217 vero,
786 2142 846 2230 qui
868 2142 916 2208 sic
935 2141 1134 2222 deliniebat,
1154 2143 1335 2233 quidboni
1365 2144 1401 2210 in
1424 2144 1584 2233 populari
1605 2143 1677 2232 opi-

558 2249 665 2314 nione
680 2248 820 2328 inesset,
837 2248 929 2315 idem
947 2250 983 2316 in
994 2249 1072 2315 aliis
1083 2250 1300 2317 orationibus
1312 2273 1373 2340 per
1388 2250 1677 2340 philosophorum

559 2356 710 2422 rationes
725 2356 784 2422 vix
801 2356 916 2422 minus
930 2379 1036 2445 quam
1052 2380 1112 2447 per
1124 2358 1234 2447 ipsam
1248 2380 1411 2425 romanae
1428 2387 1440 2415 κ
1465 2358 1645 2446 dignitatis
1663 2387 1676 2416 »

561 2461 811 2529 conscientiam
837 2462 926 2529 effici
960 2462 1085 2530 debere
1102 2463 1280 2554 professus
1301 2471 1364 2541 est,
1400 2470 1500 2531 utne
1529 2464 1678 2553 sapienti

560 2568 712 2657 sortique
729 2568 804 2634 viro
824 2590 947 2634 mors«
966 2570 1242 2658 pertimescenda
1265 2599 1280 2632 n
1299 2570 1475 2652 videretur
1497 2571 1570 2637 :sic
1586 2570 1678 2636 enim

561 2673 744 2740 honestam
767 2697 783 2738 1
807 2675 973 2742 cessionis
1000 2702 1015 2740 1
1042 2699 1125 2745 suae
1156 2678 1423 2767 explicationem
1450 2677 1596 2744 orationi
1618 2698 1679 2766 pro

561 2781 600 2848 P.
617 2781 730 2847 Sestio
755 2779 894 2848 habitae
916 2781 962 2871 (3)
978 2784 1182 2851 insertama
1217 2784 1413 2874 repetendis
1440 2785 1502 2865 111,
1533 2807 1621 2873 quae
1645 2785 1678 2849 in

561 2887 710 2955 Cluentii
726 2886 927 2955 defensione
949 2888 990 2956 de
1004 2890 1155 2979 optanda
1176 2892 1211 2956 in
1254 2892 1405 2957 miseriis
1456 2899 1565 2958 morte
1592 2891 1680 2957 dicta

562 2994 663 3061 modo
682 2995 946 3078 notavimus‚ad
957 2997 1152 3086 colligenda
1168 3000 1289 3065 mortis
1317 2999 1452 3064 fortiter
1467 3000 1680 3087 oppetendae

563 3107 596 3168 et
615 3107 821 3189 argumenta
848 3111 879 3169 et
901 3103 1059 3193 exempla
1083 3103 1294 3171 deducebat:

599 3308 646 3343 1...
663 3288 738 3354 Quid
754 3284 836 3343 tum?
853 3292 1019 3342 mortemne
1038 3285 1207 3359 fugiebam?
1219 3289 1264 3341 An
1278 3250 1342 3341 erat
1357 3304 1405 3342 res
1416 3287 1487 3354 ulla,
1504 3304 1594 3357 quam
1608 3289 1681 3342 mihi

562 3377 655 3449 magis
670 3377 830 3448 optandam
845 3376 1005 3446 putarem?
1026 3382 1077 3432 aut
1092 3393 1145 3448 ego
1162 3375 1228 3430 illas
1244 3392 1291 3430 res
1307 3380 1404 3430 tantas
1420 3377 1450 3429 in
1466 3381 1547 3431 tanta
1568 3378 1681 3447 impro-
1765 3419 1768 3424 .

562 3465 667 3521 borum
687 3465 881 3522 multitudine
904 3482 972 3520 cum
987 3467 1138 3537 gerebam,
1158 3481 1218 3519 non
1233 3465 1306 3519 mibi
1322 3483 1412 3532 mors,
1430 3484 1489 3520 non
1504 3466 1627 3521 exilium
1644 3468 1681 3521 ob
1763 3536 1766 3541 .

563 3554 946 3611 oculosversabaturlnon
973 3555 1283 3625 baecdeniqueame
1306 3561 1367 3609 tum
1398 3561 1540 3626 tanquam
1569 3557 1627 3611 lata
1652 3558 1681 3611 in
1710 3556 1714 3561 “

563 3644 625 3713 ipsa
639 3661 670 3699 re
686 3646 816 3717 gerenda
836 3644 1019 3699 canebantur
1029 3645 1043 3698 ⁴?
1057 3647 1100 3698 An
1118 3649 1182 3698 erat
1201 3643 1273 3697 mihi
1289 3644 1319 3698 in
1341 3649 1421 3698 tanto
1439 3644 1520 3699 luctu
1535 3662 1680 3710 meorum,

563 3733 848 3804 tantadijuuctione,
860 3738 943 3787 tanta
953 3737 1125 3802 acerbitate,
1138 3739 1219 3789 tanta
1231 3736 1406 3804 spoliatione
1420 3737 1554 3790 omnium
1569 3753 1680 3814 rerum,

563 3837 637 3891 quas
661 3822 733 3876 mihi
761 3827 813 3876 aut
827 3826 935 3877 natura
953 3829 1005 3878 aut
1024 3825 1145 3878 fortuna
1160 3824 1282 3878 dederat
1298 3826 1343 3892 (l),
1358 3825 1418 3878 vita
1433 3825 1607 3880 retinenda?
1622 3830 1681 3879 tarn

562 3926 643 3965 eram
657 3912 752 3977 1111111,
769 3916 829 3965 tam
851 3911 971 3983 ignarus
991 3930 1103 3979 rerum,
1130 3918 1190 3967 tam
1212 3930 1318 3983 expers
1346 3914 1462 3969 consilii
1478 3920 1529 3969 aut
1553 3915 1682 3987 ingenii‘.l

547 3999 636 4053 ,nihil
657 4000 822 4065 audieram,
848 4000 922 4054 nibil
946 4002 1087 4068 videram,
1120 4003 1193 4057 nihil
1222 4004 1283 4074 ipse
1304 4003 1428 4075 legendo
1452 4004 1681 4074 quaerendoque

565 4104 769 4161 cognoveram,
797 4090 968 4144 nesciebam
983 4092 1059 4144 vitae
1078 4093 1196 4146 brevem
1212 4109 1275 4146 esse
1289 4109 1419 4161 cursum,
1444 4094 1555 4166 gloriae
1576 4095 1683 4164 sempi-

595 4317 801 4379 (1111011111,
820 4321 866 4367 33:
884 4339 895 4362 «
958 4319 996 4367 'l'u
1012 4319 1116 4382 Jupiter
1134 4352 1172 4377 ...,
1189 4320 1308 4368 latrones
1319 4319 1411 4369 ltaliae
1428 4319 1560 4368 scelerum
1577 4318 1683 4368 loedere

562 4391 632 4438 inter
646 4404 674 4439 sc
691 4404 722 4438 ac
736 4390 839 4439 nelarie
851 4391 1150 4451 societateconjunctos
1166 4392 1282 4440 aeternis
1298 4391 1439 4454 suppliciis
1453 4392 1529 4439 vivos
1551 4394 1684 4439 mortuos-

564 4474 615 4524 que
630 4460 762 4509 mactabis
773 4476 803 4519 »;
818 4489 845 4495 -
859 4464 939 4523 atque
951 4461 1078 4510 similiter
1095 4461 1126 4510 de
1142 4463 1242 4510 Antoni
1255 4462 1388 4511 latrocinii
1400 4462 1480 4511 sociis
1495 4462 1522 4510 in
1536 4462 1684 4526 Philippica

564 4531 709 4590 X1V‚32:«
724 4532 769 4580 1111
789 4533 870 4595 igitur
882 4533 969 4596 impii,
982 4547 1050 4595 quos
1065 4533 1210 4591 1111111111,
1224 4534 1307 4582 etiam
1322 4534 1354 4582 ud
1369 4533 1469 4582 interos
1484 4547 1584 4596 poenas
1601 4532 1683 4595 parri-

564 4602 626 4652 cidii
646 4603 730 4661 luent,
755 4632 785 4638 -
808 4618 857 4651 vos
873 4618 945 4661 vero,
962 4606 1005 4666 qui
1031 4609 1182 4653 extremum
1201 4606 1328 4666 spiritum
1352 4606 1380 4653 in
1405 4605 1518 4654 victoria
1540 4602 1681 4658 ell'udistis,

564 4674 671 4737 piorum
684 4676 749 4724 estis
765 4674 856 4725 sedem
868 4679 893 4723 ct
906 4676 1150 4725 locumoonsecuti
1168 4695 1188 4724 1.

588 4746 673 4807 ,(2111
691 4746 770 4797 Catil.
790 4748 832 4806 lV,
851 4749 872 4795 8.

595 4818 627 4878 13)
641 4818 670 4866 Ρ.
687 4816 780 4874 Sestio,
793 4832 850 4881 cap.
863 4820 901 4866 21.
914 4818 952 4867 Cl.
967 4833 1058 4881 supra,
1077 4834 1103 4882 p.
1121 4821 1159 4867 82.

594 4888 625 4949 (tl
642 4889 673 4936 ln
689 4889 728 4937 eis
752 4890 916 4938 senteutiam
934 4890 1117 4951 agnoscimus,
1140 4903 1223 4951 quam
1244 4890 1271 4937 in
1298 4892 1365 4937 orat.
1383 4890 1410 4937 P.
1438 4888 1559 4937 Cluentio
1576 4887 1684 4935 notavi-

562 4972 634 5009 mus.
