4467 6167
1018 860 1196 925 -26-

554 1026 686 1116 quippe
716 1023 757 1092 ad
792 1048 897 1115 quem
922 1066 963 1077 -
1002 1033 1169 1118 tanquam
1198 1029 1239 1097 ad
1266 1058 1282 1092 n
1311 1029 1436 1098 harum
1466 1031 1674 1123 disputatio·

555 1153 638 1199 num
682 1131 900 1200 inventorem
934 1139 967 1201 et
1000 1136 1194 1225 principem
1224 1137 1270 1227 (1)
1293 1165 1308 1199 »
1339 1177 1383 1187 -
1414 1145 1448 1206 et
1468 1139 1556 1207 illos
1577 1140 1676 1230 ipsos

553 1238 763 1305 recentiores
780 1237 1021 1331 philosophos
1041 1264 1191 1331 quorum
1214 1244 1396 1333 opiniones
1417 1246 1535 1314 Cicero
1556 1245 1676 1315 Crassi

552 1351 613 1411 aut
627 1345 771 1411 Antonii
783 1345 1003 1414 sermonibus
1013 1347 1210 1429 inseruerit,
1224 1350 1418 1438 respexisse
1432 1358 1599 1440 appareat
1612 1352 1673 1443 (2),

556 1457 590 1520 et
617 1450 736 1519 Cicero
756 1457 848 1520 certe
870 1475 905 1520 se
925 1453 1113 1521 contulisse
1137 1454 1193 1521 vel
1216 1456 1367 1523 maxime
1388 1456 1558 1524 videatur.

1100 1847 1126 1902 ll

601 2102 734 2169 Horum
755 2124 837 2169 sane
859 2101 1089 2191 dialogorum,
1105 2102 1165 2192 qui
1190 2099 1363 2168 Phaedrus
1392 2105 1424 2168 et
1448 2100 1591 2189 Gorpias
1622 2101 1678 2167 in-

555 2209 766 2295 scribuntur,
786 2215 817 2276 et
835 2210 1012 2299 propriam
1034 2209 1105 2274 vim
1126 2214 1159 2275 et
1183 2208 1344 2274 intimam
1369 2208 1539 2274 rationem
1566 2208 1678 2298 expli-

554 2339 631 2384 care
664 2338 778 2405 neque
812 2338 1002 2405 paucorum
1045 2314 1233 2383 verborum
1272 2335 1326 2380 res
1360 2320 1450 2380 esset
1482 2336 1598 2403 neque
1632 2313 1676 2380 ad

554 2424 750 2490 institutam
767 2424 992 2512 scriptionem
1018 2422 1253 2489 necessarium
1271 2427 1335 2497 est,
1364 2420 1569 2509 praesertim
1593 2443 1675 2487 cum

555 2530 672 2598 Cicero
693 2531 766 2620 ipse
786 2530 819 2596 id
837 2552 907 2595 non
924 2529 1073 2595 multum
1094 2528 1270 2595 curavisse
1291 2526 1473 2609 videatur;
1498 2528 1582 2594 satis
1610 2528 1675 2616 igi-

557 2644 612 2703 tur
632 2636 785 2704 hocloco
806 2636 923 2718 tuerit,
942 2657 1015 2702 rem
1036 2634 1184 2701 eruditis
1198 2634 1415 2701 notissimam
1433 2633 1585 2702 breviter
1600 2657 1674 2701 me·

557 2766 705 2822 morare,
725 2783 760 2791 -
786 2765 837 2821 ea,
860 2742 998 2831 quaein
1014 2746 1162 2829 utroque
1182 2739 1318 2829 dialogo
1333 2763 1353 2807 a
1366 2740 1506 2807 Socrate
1523 2739 1564 2807 de
1596 2741 1676 2808 rhe-

556 2851 663 2916 torica
689 2849 919 2926 disseruntur,
961 2870 1026 2914 non
1060 2846 1101 2913 ad
1132 2846 1290 2915 eamdem
1325 2847 1467 2913 omnino
1502 2848 1675 2913 rationem

556 2955 685 3022 directa
706 2954 827 3032 rideri,
857 2974 1057 3042 quanquam
1084 2975 1128 3019 ne
1149 2953 1197 3019 ita
1217 2952 1357 3041 quidem
1390 2952 1577 3020 obscurum
1608 2960 1672 3031 est,

555 3061 728 3152 quomodo
749 3084 788 3128 ea
808 3062 894 3150 ipsa.
916 3083 1004 3150 quae
1027 3058 1166 3126 diversa
1187 3059 1382 3132 videantur,
1406 3058 1446 3127 ad
1471 3082 1575 3126 onam
1596 3082 1674 3127 sen-

556 3171 700 3236 tentiam
716 3168 826 3257 redigi
841 3167 986 3257 possint.
1003 3170 1085 3237 Nam
1101 3166 1193 3256 quod
1214 3165 1256 3232 ad
1276 3164 1364 3232 hanc
1382 3166 1584 3234 solvendam
1602 3189 1672 3232 am-

555 3277 759 3366 biguitatem
769 3275 1019 3356 Quintilianus,
1034 3274 1249 3363 graviorum,
1268 3280 1305 3340 ut
1324 3272 1474 3353 videtur,
1492 3272 1675 3340 doctorum

554 3384 776 3451 auctoritates
794 3388 946 3462 secutus,
969 3381 1155 3469 explicavit
1179 3381 1239 3469 (3),
1264 3408 1278 3439 ι
1301 3380 1387 3447 alios
1417 3403 1492 3447 esse
1517 3381 1675 3447 Platonis

554 3510 731 3557 sermones
746 3487 788 3555 ad
817 3486 1067 3575 coarguendos
1086 3488 1146 3576 qui
1170 3494 1289 3554 contra
1314 3486 1506 3576 disputant,
1534 3509 1675 3578 compo·

556 3595 653 3669 sitos,
676 3633 718 3642 —
746 3615 833 3681 quos
855 3598 1027 3673 ἐλεγκτικοὺς
1047 3600 1183 3671 vocant,
1209 3634 1246 3642 -
1268 3594 1354 3660 alios
1386 3593 1428 3660 ad
1454 3594 1675 3683 praecipien-

556 3698 729 3786 dum‚qui
755 3702 917 3781 δογματικοὶ
943 3698 1165 3788 appellantur
1192 3725 1221 3779 n,
1245 3697 1278 3764 id
1313 3699 1429 3789 ipsum
1465 3701 1583 3767 Cicero
1618 3701 1674 3768 vel

555 3805 647 3872 ultro
663 3803 874 3871 intellexisse
883 3804 935 3870 vel
952 3827 970 3870 a
987 3804 1126 3871 Graecis
1146 3805 1325 3893 magistris
1336 3807 1510 3894 accepisse
1520 3806 1671 3882 videtur,

556 3912 759 4001 quippequi
790 3909 831 3977 de
867 3910 995 3999 Gorpia
1038 3910 1179 4000 quidem
1209 3913 1256 3977 ita
1281 3912 1481 4002 loquentem
1508 3912 1674 3980 Crassum

557 4042 658 4086 suum
674 4019 795 4085 fecerit
814 4017 871 4105 (ίι),
895 4018 993 4107 quasi
1015 4018 1193 4085 Socratem
1213 4019 1248 4083 in
1267 4019 1330 4086 hoo
1345 4019 1481 4109 dialogo
1512 4043 1579 4087 non
1601 4026 1673 4087 tam

557 4127 714 4215 proprios
726 4147 849 4191 sensus
863 4125 1095 4213 proferentem
1110 4147 1215 4213 quarn
1227 4154 1241 4185 «
1260 4132 1415 4193 oratores
1430 4126 1630 4194 irridentem
1657 4153 1672 4186 ι)

561 4262 575 4292 «
596 4232 888 4318 cavillantemque
916 4259 930 4292 o
965 4230 1032 4297 sibi
1056 4238 1343 4321 repraesentaret.
1378 4234 1421 4301 Et
1442 4232 1584 4322 quidem
1614 4233 1674 4299 ille

557 4345 727 4421 Socrates,
760 4363 864 4431 quem
899 4339 974 4427 ipsa
1004 4338 1184 4405 institutae
1213 4362 1291 4405 cunr
1324 4339 1488 4430 sophistis
1517 4339 1674 4429 disputa-

557 4453 661 4518 tionis
679 4448 921 4539 progressione
938 4446 973 4511 in
996 4445 1125 4532 carpta
1150 4469 1189 4512 eo
1219 4446 1407 4514 adductum
1433 4446 1609 4530 videmus,
1636 4451 1675 4513 ut

557 4580 677 4624 veram
698 4556 907 4622 rhetoricam
927 4552 1142 4619 demonstret
1160 4553 1249 4650 nihil
1274 4554 1460 4621 aliudesse
1483 4575 1581 4643 posse
1605 4553 1674 4619 nisi

559 4686 648 4742 eam,
677 4684 765 4749 quae
787 4660 945 4726 homines
974 4659 1007 4724 ri
1032 4660 1188 4726 veritatis
1215 4662 1424 4751 virtutisque
1444 4662 1640 4729 meliorest
1660 4701 1675 4711 ·

588 4865 621 4924 tl)
636 4866 662 4913 et
676 4865 708 4923 (2)
722 4862 753 4912 ct
781 4863 818 4910 De
832 4861 886 4918 Oc,
897 4860 916 4918 l,
928 4863 971 4913 tr.

588 4936 720 4997 tttlnstit.
740 4935 819 4990 orat,
839 4933 871 4990 tt,
887 4945 945 4993 cap.
965 4930 1001 4987 tt,
1017 4934 1078 4990 §2⁶-

590 5007 623 5067 (ι)
635 5006 673 5055 ct.
689 5007 727 5053 ne
741 5005 784 5053 ον.
798 5006 816 5062 ι,
830 5009 876 5063 ιι;
891 5032 917 5039 -
933 5003 977 5058 ιιι,
995 5006 1047 5054 ran.
