4467 6167
950 838 1126 903 ..21-

482 1009 722 1078 excellentiam
738 1008 798 1098 (1),
809 1007 852 1075 ad
863 1029 983 1075 earum
1005 1030 1135 1087 rerum,
1151 1030 1301 1097 quarum
1315 1011 1413 1100 quasi
1429 1032 1600 1078 concursu

481 1118 566 1186 haec
600 1117 691 1185 effici
716 1116 837 1205 possit,
874 1114 1144 1206 descriptionem
1172 1118 1353 1200 transitur,
1376 1157 1416 1168 -
1446 1117 1630 1185 dialecti-'

481 1247 557 1293 cam
571 1230 605 1292 et
620 1223 802 1313 physicam
822 1221 904 1289 huic
925 1223 1048 1289 tertiae
1065 1225 1169 1310 parti,
1188 1245 1294 1312 quam
1311 1246 1373 1312 per
1389 1225 1501 1292 Crassi
1523 1247 1599 1315 per·

482 1353 603 1399 sonam
622 1337 667 1397 ut,
678 1330 787 1397 solam
812 1328 1074 1418 perdiscendam
1091 1328 1292 1417 seponebat,
1315 1331 1390 1398 sine
1406 1332 1478 1399 ulla
1507 1332 1599 1421 ejus-

482 1438 560 1507 dem
574 1438 712 1526 generis
723 1435 944 1503 distinctione
960 1435 1139 1525 adjunxit:
1159 1440 1314 1524 primum
1332 1438 1426 1505 enim
1441 1438 1599 1527 longiore

483 1545 717 1635 disputatione
749 1542 898 1631 explicat
922 1544 990 1628 (2),
1022 1564 1084 1609 cur
1126 1548 1299 1610 oratorem
1322 1568 1379 1612 «a
1411 1544 1600 1612 dialecticis

483 1653 696 1718 instructum
712 1672 786 1717 esse
805 1676 820 1709 »
853 1648 947 1732 velit,
975 1671 1103 1738 neque,
1134 1648 1225 1737 quod
1253 1651 1379 1718 exilius
1409 1659 1440 1718 et
1466 1652 1599 1718 aridius

481 1758 742 1826 dialecticorum
766 1779 878 1846 genus
897 1757 1038 1824 nonnisi
1062 1757 1179 1846 aliquo
1197 1785 1212 1819 α
1244 1761 1410 1827 orationis
1441 1762 1551 1829 nitore
1581 1789 1594 1820 υ

481 1864 636 1934 adhibito
657 1865 705 1955 (3)
726 1864 976 1932 assumendum
1006 1864 1152 1953 judicat,
1186 1864 1267 1932 inde
1306 1867 1482 1935 concludit
1510 1868 1599 1934 hanc

480 1972 700 2060 disciplinam
720 1972 849 2037 oratori
870 1972 1032 2038 inutilem
1053 1994 1143 2054 esse,
1174 2011 1214 2021 -
1243 1973 1332 2041 sicut
1361 1975 1535 2041 Antonius
1564 1975 1597 2040 in

481 2078 632 2146 secundo
654 2078 694 2144 de
723 2080 866 2146 Oratore
906 2077 996 2144 libro
1029 2077 1091 2167 (1),
1134 2101 1309 2168 nusquam
1343 2081 1599 2148 contradicente

482 2187 618 2268 Crasso,
637 2212 653 2246 a
673 2185 776 2252 istam
802 2192 913 2251 artem
934 2192 1043 2251 totam
1064 2184 1271 2267 dimittebat,
1295 2192 1460 2275 tanquam
1483 2188 1519 2253 in
1544 2211 1602 2254 ex-

481 2291 673 2380 cogitandis
689 2292 904 2377 argumentis
929 2298 1064 2359 mutam
1083 2291 1248 2372 nimium,
1266 2293 1301 2359 in
1327 2293 1527 2384 judicandis
1547 2296 1599 2361 ni-

482 2399 593 2464 mium
608 2398 788 2487 loquacem
807 2425 821 2457 »
841 2421 848 2479 ;
865 2406 954 2480 tum,
977 2438 1019 2446 —
1044 2404 1229 2487 postquam
1262 2398 1412 2469 breviter
1432 2424 1600 2470 memora-

481 2504 531 2570 vit
553 2502 613 2593 (5),
634 2525 742 2592 quare
771 2530 788 2564 «
815 2527 936 2571 omnes
962 2503 1204 2594 philosophiae
1235 2512 1336 2573 notos
1365 2530 1403 2574 ac
1436 2515 1599 2576 tractatos

481 2612 574 2677 locos
601 2609 730 2676 habere
748 2638 764 2671 »
790 2618 906 2678 orator
926 2611 1078 2693 deberet,
1105 2634 1263 2678 -suam
1285 2612 1451 2703 physicae
1466 2614 1596 2681 utilita-
1700 2599 1703 2608 ’

422 2748 428 2754 ’
481 2724 552 2785 tem
572 2718 699 2783 iterum
722 2716 776 2782 his
791 2716 907 2785 verbis
923 2718 1075 2804 assignat
1094 2716 1163 2807 (6);
1190 2740 1360 2807 «...quem
1382 2721 1596 2811 (oratorem),

484 2854 498 2886 a
521 2847 590 2913 quo
606 2823 771 2912 grandior
785 2825 828 2890 sit
843 2832 876 2891 et
891 2823 1042 2913 quodam
1064 2823 1169 2891 modo
1189 2824 1368 2911 excelsior,
1390 2831 1428 2893 ut
1441 2826 1483 2893 de
1504 2828 1599 2895 Peri-

483 2958 498 2992 «
521 2930 575 2997 cle
599 2931 669 2996 dixi
695 2953 814 3019 supra,
836 2952 878 2997 nc
906 2930 1132 3021 physicorum
1167 2929 1309 3020 quidem
1331 2954 1405 3000 esse
1434 2934 1598 3023 ignarum

483 3066 498 3099 «
522 3038 600 3105 volo
617 3059 623 3104 :
642 3039 760 3103 omnia
779 3038 946 3126 profecta,
968 3060 1046 3103 cum
1064 3060 1099 3104 se
1116 3061 1133 3104 a
1150 3037 1361 3105 caelestibus
1386 3037 1491 3106 rebus
1509 3042 1597 3108 reie-

483 3173 498 3207 «
522 3152 572 3211 ret
593 3144 635 3211 ad
653 3144 835 3226 humanas,
852 3145 1023 3211 excelsius
1039 3144 1393 3235 magnificentiusque
1414 3152 1447 3214 et
1460 3146 1549 3214 dicet
1565 3153 1598 3214 et

483 3280 498 3312 o
526 3252 661 3318 sentiet.
688 3279 702 3311 n

526 3359 706 3442 Hisigitur
721 3358 762 3425 de
775 3357 956 3425 dialectica
979 3364 1011 3424 et
1034 3357 1178 3446 physica
1208 3359 1426 3445 argumentis
1460 3366 1598 3425 auctam

481 3467 592 3555 ipsam
618 3466 827 3532 sententiam
847 3465 883 3529 in
901 3465 1042 3530 Oratore
1062 3486 1309 3553 recognoscere
1329 3465 1422 3548 licet,
1442 3488 1547 3555 quam
1562 3466 1595 3530 in

482 3574 555 3639 suis
581 3571 622 3639 de
654 3574 794 3638 Oratore
813 3570 911 3637 libris
946 3571 1065 3637 Cicero
1095 3575 1129 3636 et
1149 3593 1209 3659 per
1243 3571 1357 3638 Crassi
1378 3573 1597 3661 potissimum

482 3701 665 3768 personam
682 3676 873 3767 explicabat
894 3682 927 3744 et
947 3678 1021 3766 ipse
1043 3678 1076 3742 in
1099 3678 1286 3763 prooemiis
1309 3682 1347 3743 ut
1362 3700 1462 3744 suam
1485 3678 1565 3766 proi
1584 3716 1599 3728 -

482 3784 589 3851 rebat.
609 3783 707 3865 Quod
719 3792 836 3851 autem
853 3783 956 3873 hujus
970 3785 1092 3873 capitis
1108 3784 1209 3850 initio
1217 3784 1290 3872 jam
1307 3784 1597 3873 significavimus

482 3892 576 3981 quali
594 3893 630 3957 in
647 3890 887 3981 philosophiae
915 3891 1030 3958 studio
1061 3892 1160 3979 quasi
1187 3892 1430 3980 progressione
1455 3891 1496 3957 ad
1512 3889 1600 3958 hanc

481 4021 653 4066 novarum
670 4000 845 4064 rationum
861 3997 1122 4087 adjunctionem
1144 3998 1261 4065 Cicero
1283 3997 1407 4064 adduci
1434 3999 1597 4086 potuerit,
1685 4014 1687 4018 ·

482 4104 515 4171 id
534 4128 576 4172 ex
596 4127 636 4172 eo
670 4106 776 4172 etiam
809 4105 957 4194 intelligi
980 4111 1103 4194 potest.
1132 4104 1224 4193 quod
1245 4105 1279 4169 in
1310 4105 1452 4171 Oratore
1482 4104 1598 4193 plures

482 4234 603 4279 earum
627 4212 779 4279 Platonis
795 4213 998 4279 auctoritate
1014 4211 1167 4300 apertius
1183 4207 1507 4299 commendavit('l).
1532 4209 1598 4277 Sed

483 4318 649 4406 quoniam
670 4339 729 4383 eae
749 4317 866 4384 variae
895 4318 1047 4384 rationes
1068 4317 1105 4382 in
1125 4317 1303 4383 communi
1331 4317 1403 4384 fere
1422 4338 1599 4383 commen-

515 4502 548 4565 (1)
564 4502 609 4551 Or.
625 4502 670 4551 too
684 4515 743 4565 sqq.

514 4573 547 4635 (2)
562 4573 604 4622 Or.
620 4572 738 4631 113,118.

514 4644 547 4706 (3)
562 4644 606 4693 Or.
622 4644 676 4693 ttr.

515 4716 547 4778 (1)
564 4716 677 4764 tte-tto.
697 4715 858 4777 Quanquam
881 4715 1031 4764 Antonium
1052 4714 1180 4763 eumdem
1205 4713 1233 4761 in
1257 4712 1348 4761 librol
1371 4711 1434 4774 (118)
1458 4724 1601 4761 «acumen

483 4785 690 4836 dialecticorum
705 4802 716 4832 r
731 4785 759 4833 in
772 4787 877 4835 oratore
901 4786 1083 4848 requirentem
1108 4786 1198 4834 Cicero
1210 4782 1345 4832 iaciebat:
1362 4780 1408 4831 sed
1419 4830 1421 4833 ,
1432 4780 1601 4830 dialecticam

484 4857 631 4921 quamdam
647 4857 748 4906 oratori
761 4857 840 4920 quasi
854 4857 1042 4920 ingeneratam
1056 4855 1222 4918 insitamque
1233 4856 1270 4903 ite
1282 4853 1432 4916 intelligere
1450 4851 1600 4901 videbatur.

515 4930 540 4991 (5
553 4930 581 4978 et
593 4929 618 4991 6)
632 4928 676 4977 Or.
689 4930 734 4978 118
744 4930 771 4977 et
782 4928 837 4977 tta.

516 5001 549 5065 (1)
566 4999 610 5050 Or.
625 5001 655 5050 11
665 5008 691 5049 et
708 5000 754 5049 119
766 4999 845 5064 (quos
860 4998 935 5049 locos
952 5013 1034 5063 supra
1048 4997 1215 5059 retulimus).
