4467 6167
1010 857 1187 921 .-8-

556 1029 719 1118 persequi
750 1052 765 1091 t
789 1048 892 1117 quam
909 1024 943 1092 id
966 1024 1210 1113 quodcumque
1239 1023 1305 1089 sibi
1326 1046 1430 1114 quam
1452 1024 1678 1091 simillimum

554 1136 630 1205 veri
654 1134 874 1211 videretur»,
897 1138 1001 1221 alque
1031 1130 1293 1220 «sibimetipsi
1326 1130 1419 1199 aliud
1454 1133 1538 1199 alias
1563 1131 1678 1199 videri

558 1264 657 1333 posse
680 1273 693 1300 ι)
722 1243 783 1329 (1),
804 1281 847 1290 -
870 1240 899 1305 is
920 1261 989 1305 non
1005 1240 1052 1306 ita
1067 1261 1189 1305 curare
1205 1237 1334 1316 debuit,
1357 1245 1394 1304 ut
1414 1261 1494 1305 oum
1513 1239 1573 1305 illa
1600 1241 1678 1326 opi-

555 1350 670 1429 nione,
696 1369 802 1439 quam
823 1349 859 1413 in
878 1344 1117 1435 superioribus
1132 1344 1228 1411 libris
1244 1367 1366 1412 novem
1388 1353 1467 1413 ante
1496 1347 1597 1413 annis
1625 1346 1676 1435 (2)

553 1455 811 1544 explicavisset,
847 1475 898 1529 ea,
933 1475 1022 1542 quae
1056 1453 1092 1517 in
1116 1452 1256 1517 Oratore
1290 1450 1431 1534 diceret,
1462 1453 1562 1541 plane
1594 1475 1678 1520 eon-

553 1569 733 1651 gruerent‚
750 1562 779 1627 si
796 1582 864 1649 qua
880 1559 967 1626 forle
983 1558 1220 1625 immutandae
1241 1560 1431 1625 sententiae
1457 1559 1544 1627 ratio
1561 1561 1676 1626 inter-

555 1668 770 1737 venisset.Et
794 1666 947 1757 quidem,
961 1689 1041 1732 oum
1058 1664 1150 1733 hunc
1178 1668 1360 1733 oratorem
1376 1665 1554 1753 scriberet,
1577 1706 1609 1716 -
1635 1688 1677 1733 eo

556 1775 689 1841 scilieet
703 1784 873 1863 tempore,
900 1796 968 1862 quo
991 1772 1126 1839 nullam
1151 1771 1224 1861 jam
1251 1795 1326 1839 esse
1354 1774 1604 1862 rempublicam
1625 1774 1676 1839 fo-

556 1903 706 1969 rumque
722 1878 939 1946 obmutuisse
951 1878 1098 1964 dolebat,
1122 1918 1160 1926 -
1178 1880 1363 1969 praecipuo
1379 1880 1677 1947 commendandae

556 1986 799 2077 philosophiae
813 1985 927 2053 studio
942 1985 1064 2052 adduci
1077 1987 1187 2075 potuit
1218 1992 1267 2068 ut,
1280 1985 1322 2052 ad
1336 1988 1676 2076 quampotissimum

453 2105 455 2109 '
556 2116 637 2160 suas
657 2093 792 2161 dicendi
812 2095 959 2161 virtutes
976 2092 1050 2182 jam
1070 2092 1292 2163 adhibiturus
1307 2101 1408 2176 esset,
1426 2095 1582 2161 eamdem
1599 2101 1678 2162 tan-

556 2223 661 2290 quam
681 2202 795 2267 omnis
815 2201 1033 2290 eloquentiae
1047 2200 1205 2267 altricem
1225 2201 1503 2291 effectricemque
1526 2201 1677 2268 maxime

556 2306 780 2396 praedicaret.
800 2307 881 2373 lllos
901 2329 983 2374 vero
1003 2306 1044 2373 de
1065 2310 1206 2373 Oratore
1221 2307 1327 2373 libros
1348 2330 1387 2374 ea
1404 2314 1515 2375 aetate
1539 2331 1677 2397 compo·

557 2421 683 2499 suerat,
700 2437 780 2502 qna,
798 2454 840 2462 —
861 2414 1022 2503 quamvis
1038 2413 1154 2502 aliquo
1165 2411 1238 2503 jam
1249 2413 1396 2481 forensis
1416 2412 1545 2482 laboris
1563 2415 1677 2483 taedio

556 2521 598 2587 ad
619 2522 777 2588 animum
798 2522 922 2588 litteris
949 2521 1144 2610 studiisque
1171 2520 1399 2588 relaxandum
1410 2544 1597 2589 conversus
1613 2522 1675 2614 (3),

555 2668 598 2677 -
623 2628 743 2694 multis
766 2626 997 2716 suscipiendis
1027 2628 1142 2694 causis
1175 2628 1225 2715 [et
1241 2628 1282 2693 iis
1303 2627 1458 2717 quidem,
1476 2651 1561 2717 quas
1584 2652 1678 2697 rece-

558 2734 648 2823 pisse
669 2756 750 2800 eum
762 2732 938 2801 interdum
952 2733 1103 2799 maxime
1124 2734 1314 2823 paeniteret
1330 2735 1378 2824 (l)
1397 2737 1423 2821 l,
1440 2736 1678 2825 eloquentiam

557 2863 657 2907 suam
674 2863 835 2908 exercere
857 2863 923 2906 non
944 2839 1102 2907 desierat.
1122 2840 1243 2929 ltaque
1258 2864 1329 2908 non
1346 2843 1411 2908 nisi
1434 2850 1509 2931 post
1530 2842 1678 2932 diligen-

556 2953 626 3013 tem
640 2947 819 3014 Tullianae
846 2948 1021 3037 opinionis
1044 2970 1106 3037 per
1128 2947 1190 3014 hos
1221 2947 1327 3015 libros
1348 2951 1621 3039 recognitionem
1638 2975 1678 3021 ea

557 3054 766 3122 conferenda
787 3061 900 3127 erunt,
924 3077 1013 3144 quae
1033 3053 1073 3121 de
1100 3054 1221 3121 eadem
1242 3058 1443 3144 quaestione
1471 3058 1506 3123 in
1535 3059 1678 3126 Oratore

557 3163 765 3240 dictasunt,
797 3201 838 3211 -
871 3163 1077 3250 praesertim
1110 3185 1189 3228 oum
1227 3162 1262 3228 in
1293 3162 1422 3230 eisdem
1452 3165 1676 3253 potissimum

558 3269 654 3335 libris
689 3292 757 3335 non
785 3270 887 3336 modo
917 3268 958 3335 de
988 3270 1152 3335 universa
1182 3267 1413 3360 philosophia,
1435 3270 1493 3338 sed
1514 3274 1619 3339 etiam
1636 3272 1676 3341 de

557 3376 704 3464 singulis
723 3375 1012 3465 philosophorum
1027 3375 1219 3464 disciplinis
1239 3376 1280 3443 ad
1296 3378 1514 3467 eloquentiae
1533 3379 1677 3449 alendae

556 3483 742 3549 utilitatem
770 3483 887 3547 relatis
911 3504 951 3548 ea
976 3482 1144 3570 explicata
1171 3484 1255 3568 sint,
1280 3506 1367 3573 quae
1386 3485 1536 3551 Oratores
1556 3494 1678 3554 auctor

558 3596 618 3655 aut
645 3589 717 3656 fere
736 3589 896 3656 omiserit
916 3594 975 3655 aut
999 3590 1035 3654 in
1060 3591 1268 3678 paucissima
1284 3591 1389 3659 verba
1408 3594 1629 3660 coartaverit.

1115 3990 1126 4043 l

602 4256 645 4322 ut
659 4254 799 4344 quidem
813 4255 854 4321 ab
871 4254 974 4343 hujus
987 4255 1152 4343 tripertiti
1167 4255 1282 4343 operis
1303 4255 1414 4335 initio,
1435 4261 1677 4343 -antequam

556 4364 648 4430 inter
663 4362 827 4430 Crassum
844 4370 877 4428 ot
895 4363 1089 4428 Antonium
1114 4361 1156 4428 de
1179 4361 1400 4451 philosophia
1423 4361 1467 4428 ad
1486 4363 1677 4429 oratorium

557 4492 660 4537 usum
682 4470 920 4557 cognoscenda
937 4472 970 4535 in
991 4476 1177 4559 utramque
1199 4475 1333 4558 partem
1371 4469 1620 4559 disputaretur,
1636 4508 1673 4520 -

558 4578 675 4645 Cicero
692 4577 806 4644 effecit
829 4585 868 4644 ut
887 4583 1081 4667 appareret,
1109 4584 1223 4645 utram
1244 4578 1445 4667 opinionem
1466 4578 1541 4667 ipse
1563 4579 1677 4667 potius

590 4795 622 4857 (1)
640 4794 712 4844 Orat.
727 4796 782 4845 237.
795 4794 831 4844 Cl.
849 4796 954 4845 Taceat.
973 4797 1003 4856 V,
1020 4799 1057 4845 33.

590 4867 621 4929 (2)
633 4868 739 4916 699-'108
754 4868 828 4916 urbis
844 4867 968 4917 conditae
983 4869 1063 4929 (55·46
1076 4870 1138 4917 ante
1153 4870 1232 4933 Che),

591 4938 622 5000 (3)
639 4937 676 4987 Gi.
696 4939 742 5001 up.
761 4938 797 4986 od
806 4938 903 4987 uomit.
917 4938 974 4998 vlt,
989 4941 1000 4988 l
1018 4939 1061 5000 (ad
1075 4941 1198 4996 Marium.
1211 4955 1282 4990 anno
1296 4943 1359 5005 698).

591 5008 623 5071 (l)
632 5008 707 5059 Sicut
718 5011 830 5074 apparet
843 5024 875 5059 ex
889 5010 1030 5060 nonnullis
1045 5013 1104 5073 ejus
1122 5013 1258 5076 Epistolis.
