4467 6167
948 811 1123 879 ..57-

481 978 642 1061 contulit,
662 984 738 1045 tum
759 978 892 1048 Stoicos
912 978 1063 1045 maxime
1077 977 1346 1060 commendavit,
1378 988 1544 1070 tanquam
1566 984 1601 1049 in

482 1083 674 1175 partiendis
689 1092 724 1152 et
749 1084 954 1152 definiendis
974 1090 1007 1153 et
1027 1084 1264 1153 describendis
1291 1087 1400 1153 animi
1423 1089 1602 1177 perturba-

441 1278 444 1284 .
482 1192 636 1259 tionibus
654 1192 856 1259 acutissime
880 1198 1058 1258 versantes
1073 1191 1143 1281 (l);
1172 1192 1206 1257 in
1228 1214 1267 1259 ea
1294 1200 1409 1260 autem
1436 1196 1598 1278 utilitate,

481 1322 570 1389 quae
600 1297 641 1366 ad
668 1301 945 1387 cognoscendam
974 1297 1191 1365 dialecticam
1231 1305 1414 1387 spectaret,
1449 1300 1492 1367 ab
1526 1302 1601 1391 ipso

482 1406 514 1471 ll
554 1405 668 1472 Tullio
694 1405 828 1473 Stoicos
848 1405 1088 1493 Peripateticis
1102 1406 1150 1472 ita
1173 1405 1353 1494 adjunctos
1369 1407 1548 1498 vidimus(
1574 1410 1598 1497 ),

483 1519 520 1580 ut
536 1512 641 1601 hujus
669 1513 812 1579 rationis
838 1521 1013 1579 momento
1039 1513 1204 1602 Epicurei
1231 1513 1307 1589 soli,
1336 1520 1502 1604 tanquam
1523 1515 1600 1582 dia-

435 1651 438 1656 ·
482 1617 623 1688 lecticae
638 1621 870 1709 negligentes
890 1618 1026 1687 excludi
1042 1620 1237 1688 videantur.
1263 1660 1298 1669 -
1328 1622 1447 1710 Neque
1479 1645 1601 1690 rursus

484 1734 612 1794 temere
633 1728 795 1794 effectum
822 1732 886 1807 est,
911 1736 949 1793 ut
969 1726 1011 1793 ad
1031 1726 1338 1795 demonstrandam
1359 1726 1601 1817 philosophiae

482 1834 669 1901 utilitatem
700 1834 892 1923 plurimum
926 1833 957 1899 ei
995 1834 1122 1901 rationi
1158 1832 1330 1901 tributum
1362 1835 1419 1909 sit,
1460 1857 1502 1900 ex
1534 1857 1602 1923 qua

483 1942 634 2007 maxime
648 1946 825 2030 appareat,
839 1946 1009 2027 quantum
1025 1940 1220 2007 coercitatio
1238 1940 1285 2030 (3)
1299 1939 1474 2007 doetrinae
1481 1940 1601 2029 juncta

483 2046 525 2114 ad
549 2047 769 2116 efficiendam
798 2047 1033 2135 eloquentiam
1050 2047 1163 2115 valeat
1182 2068 1189 2111 :
1207 2069 1288 2115 cum
1308 2054 1427 2114 contra
1452 2048 1493 2115 ad
1517 2056 1602 2114 trac-

483 2152 604 2228 tandos
631 2154 815 2221 hominum
836 2156 980 2220 affectus
1000 2154 1054 2221 vel
1070 2154 1113 2221 ad
1136 2154 1390 2244 assequendam
1415 2177 1602 2244 argumen-

482 2261 577 2329 tandi
601 2259 844 2340 subtilitatem,
871 2261 935 2327 etsi
948 2284 1004 2327 ars
1029 2284 1097 2327 non
1115 2262 1159 2327 sit
1177 2261 1323 2343 inutilis,
1341 2267 1458 2329 tamen
1478 2268 1601 2328 natura

471 2369 704 2458 potissimum
725 2366 825 2451 duce,
848 2368 1054 2456 praesertim
1076 2367 1261 2435 accedente
1277 2391 1343 2434 usu
1365 2369 1505 2446 forensi,
1526 2391 1601 2435 ora-

482 2482 537 2542 tor
551 2481 691 2549 utatur:
719 2473 812 2562 quod
841 2472 1002 2541 videlicet
1027 2475 1063 2541 in
1096 2475 1186 2541 hanc
1208 2474 1417 2564 sententiam
1445 2496 1464 2540 a
1497 2474 1600 2545 Char·

483 2581 583 2648 mada
605 2586 723 2671 aperte
758 2579 974 2669 disputatum
1009 2580 1129 2648 Cicero
1157 2578 1327 2648 referebat
1349 2579 1410 2670 (l),
1447 2579 1537 2646 idem
1558 2620 1599 2631 -

481 2688 642 2777 quamvis
655 2688 781 2754 tacitus
797 2726 836 2735 —
856 2688 929 2776 ipse
950 2693 1113 2776 expertus
1145 2687 1365 2777 significavit.
1382 2688 1422 2753 Et
1444 2687 1598 2777 quidem,

481 2794 698 2883 quantumin
719 2792 844 2860 talibus
856 2794 1049 2861 rationibus
1065 2818 1084 2860 a
1101 2795 1243 2862 Platone
1256 2794 1452 2884 repetendis
1474 2814 1600 2884 tneque

481 2902 529 2968 eis
557 2922 639 2967 sane
671 2901 738 2966 nisi
765 2898 808 2965 ab
839 2900 995 2988 ejusdem
1030 2900 1246 2968 sublimitate
1280 2901 1437 2990 dellexis)
1478 2901 1601 2969 Cicero

481 3008 651 3075 oratoriae
700 3006 814 3073 laudis
847 3007 1112 3097 amplificandae
1147 3008 1262 3075 studio
1286 3010 1511 3091 concesserit,
1559 3032 1599 3075 ex

389 3114 391 3117 ’
481 3137 521 3181 eo
552 3114 722 3203 suspicari
744 3115 838 3196 licet,
861 3113 954 3203 quod
974 3115 1017 3181 ab
1049 3138 1089 3182 ea
1121 3116 1346 3181 contentione
1372 3116 1462 3181 inter
1486 3114 1599 3203 philo-

481 3222 608 3310 sophos
622 3227 655 3288 et
670 3229 825 3306 oratores
846 3221 1005 3288 instituta
1032 3223 1108 3311 ipsa
1128 3223 1162 3288 in
1191 3222 1262 3288 illis
1283 3222 1324 3288 de
1339 3223 1481 3288 Oratore
1499 3221 1599 3287 libris
1623 3295 1625 3299 Α

480 3327 651 3418 explicata
674 3328 876 3416 disceptatio
902 3329 1071 3418 proficisci
1099 3329 1141 3396 ad
1162 3351 1308 3418 eamque
1325 3329 1462 3417 saepius
1479 3327 1597 3394 reduci

479 3436 641 3515 videtur;
668 3442 770 3525 atque
791 3435 851 3502 illa
875 3436 1036 3502 Tulliana
1067 3436 1307 3524 adjungendae
1335 3435 1462 3501 oratori
1489 3433 1599 3522 philo·
1701 3503 1707 3513 ,

479 3542 622 3632 sophiae
641 3542 825 3610 ostentatio
848 3542 882 3605 in
913 3563 1040 3607 vanum
1080 3541 1244 3630 quiddam
1274 3542 1428 3608 recidere
1453 3541 1600 3607 fortasse

478 3649 708 3716 existimanda
723 3653 825 3725 esset,
841 3647 909 3712 uisi
929 3669 968 3712 ea
990 3648 1076 3713 ratio
1097 3649 1311 3730 accessisset,
1331 3671 1436 3736 quam
1450 3648 1492 3715 ad
1517 3673 1532 3711 r
1549 3648 1598 3714 lo·

478 3776 636 3821 corum»
665 3756 699 3820 in
729 3753 872 3820 diceudo
903 3776 1069 3843 persaepe
1097 3755 1327 3822 incidentium
1359 3757 1596 3822 tractationem

477 3881 538 3949 per
565 3866 738 3927 certarum
782 3857 1084 3947 philosophiarum
1123 3861 1462 3928 commendationem
1501 3884 1598 3950 speo-

477 3971 550 4033 tare
576 3965 746 4033 vidimus:
769 3988 858 4053 quae
888 3967 1030 4054 quidem
1053 3967 1142 4032 ratio
1177 3990 1282 4056 quam
1305 3976 1383 4057 apte
1412 3970 1453 4035 ad
1481 3970 1596 4057 ipsum

426 4058 430 4063 ’
478 4070 652 4137 Ciceronis
672 4091 782 4157 genus
809 4070 950 4137 dicendi
973 4072 1192 4158 pertinuerit,
1211 4081 1242 4139 et
1256 4076 1423 4162 jamnunc
1447 4075 1596 4165 perspici

479 4178 590 4265 potuit
604 4185 637 4243 et
657 4198 717 4266 per
737 4176 925 4243 secundam
946 4183 1083 4243 nostrae
1112 4179 1311 4268 scriptionis
1332 4188 1466 4270 partem
1487 4180 1597 4269 expli-

477 4284 587 4350 caturi
604 4306 739 4350 sumus.

508 4518 540 4581 (l)
556 4513 595 4564 Cl.
612 4513 730 4571 Tacent,
747 4513 791 4571 IV,
804 4525 863 4574 cap.
880 4513 962 4574 5sqq.

507 4587 541 4648 (2)
556 4584 587 4633 In
599 4584 683 4642 Oret,
698 4585 742 4631 lll
758 4582 908 4645 utsupra,
921 4596 947 4645 p.
962 4586 1011 4643 49),
1033 4585 1163 4646 quoniam
1179 4584 1248 4632 hune
1269 4584 1300 4633 de
1316 4586 1456 4634 dialectica
1481 4600 1597 4648 cognos-

475 4658 561 4708 cenda
572 4657 705 4705 rationem
721 4656 748 4703 in
765 4656 876 4703 Oratore
891 4653 1001 4703 demum
1017 4656 1108 4704 Cicero
1121 4656 1234 4719 protulit
1249 4656 1295 4716 (Gi.
1314 4670 1394 4720 suprn
1409 4673 1435 4721 p.
1450 4660 1498 4716 21,

506 4732 538 4791 (3)
555 4730 593 4778 Ea
606 4726 742 4784 videlicet,
759 4740 828 4789 quae
843 4723 914 4788 apud
931 4726 1120 4788 Peripateticos
1147 4726 1377 4790 Acadernicosquo
1393 4729 1593 4785 celebrabatur,

475 4800 512 4849 Cf.
531 4801 568 4848 De
582 4799 675 4855 Finita,
689 4797 731 4856 lV,
751 4799 779 4845 lt
798 4814 803 4843 ε
820 4812 833 4844 u
849 4797 903 4844 Etsi
923 4798 1039 4859 ingeniis
1051 4797 1286 4862 rnagnis‘praediti
1305 4798 1416 4861 quidam
1432 4801 1538 4849 dic-endi
1551 4816 1595 4848 co—

383 4914 388 4921 .
472 4871 545 4930 piam
563 4870 621 4918 sine
637 4870 740 4919 ratione
754 4869 967 4928 consequuntur,
981 4881 1022 4914 ars
1033 4870 1125 4916 tamen
1138 4871 1179 4917 est
1191 4869 1244 4916 dux
1258 4870 1446 4933 certiorquam
1462 4874 1567 4920 natura.
1584 4892 1594 4914 a

505 4943 539 5003 (tt
554 4942 603 4990 Per
617 4940 727 4990 Antonii
737 4952 892 5004 personam,
906 4938 944 4985 De
959 4937 1014 4995 Ort,
1033 4940 1051 4998 l,
1061 4940 1099 4987 90.
1117 4940 1177 5002 (Gt,
1194 4955 1282 5003 supra,
1297 4955 1323 5003 p.
1340 4943 1380 4998 25,
1393 4956 1419 4990 n.
1436 4943 1470 5005 3.)
