4467 6167
943 1460 1091 1529 CAPUT
1114 1459 1149 1527 ll

502 1684 678 1765 Quomodo
693 1684 741 1752 od
761 1708 858 1752 suom
876 1684 1077 1752 sententiam
1096 1686 1244 1753 rationes
1257 1708 1278 1751 a
1293 1686 1436 1753 Platone
1450 1686 1610 1776 repetitas

783 1795 823 1859 M
824 1792 984 1896 ,NTallias
1002 1792 1318 1861 accommodaverit.

1064 2141 1075 2194 l

536 2360 589 2425 Eo
618 2358 760 2447 quidem
778 2357 907 2447 justior
929 2363 1112 2439 causaest,
1145 2378 1208 2423 cur
1236 2355 1279 2425 ab
1312 2357 1382 2424 illis
1417 2357 1609 2423 notissimis

494 2466 651 2534 Platonis
665 2465 825 2553 dialogis,
847 2462 908 2551 qui
935 2459 1109 2527 Phaedrus
1133 2467 1166 2529 et
1195 2460 1337 2551 Gorpr'ao
1355 2461 1606 2542 inscribuntur,

494 2572 690 2640 Tullianam
704 2573 739 2638 in
754 2594 794 2639 ea
820 2592 869 2653 re,
887 2567 928 2635 de
944 2590 1013 2656 qua
1040 2568 1254 2656 quaerimus
1281 2569 1489 2635 sententiam
1510 2591 1609 2658 repe-

494 2688 621 2760 tamus,
638 2678 728 2768 quod
742 2678 860 2746 Cicero
884 2678 958 2768 ipse
977 2677 1019 2743 ad
1035 2684 1226 2765 utrumque
1243 2676 1368 2743 horum
1392 2676 1609 2766 dialogorum

493 2808 529 2853 se
564 2785 757 2874 respexisse
790 2808 860 2852 non
894 2783 997 2851 modo
1029 2785 1064 2849 in
1090 2806 1153 2850 suo
1182 2786 1331 2857 Oratore,
1363 2783 1423 2851 sed
1448 2806 1509 2872 per
1528 2806 1608 2851 suos

493 2893 600 2959 etiam
616 2892 656 2958 de
678 2893 819 2959 Oratore
840 2889 945 2957 libros
966 2912 1034 2956 non
1054 2890 1163 2958 semel
1183 2890 1349 2958 indicavit
1362 2891 1422 2979 (l).
1446 2891 1520 2957 Non
1540 2913 1608 2979 quo

494 2998 688 3087 putandum
704 3000 760 3077 sit,
778 3021 858 3065 eum
876 2998 931 3066 vel
946 2997 987 3065 ad
1005 2997 1093 3064 hanc
1104 2997 1352 3064 instituendam
1368 2999 1608 3086 quaestionem

494 3107 647 3173 Platonis
663 3106 904 3174 tantummodo
931 3105 1090 3194 exemplo
1116 3104 1299 3171 inductum
1332 3127 1407 3174 esse
1433 3105 1489 3172 vel
1513 3106 1548 3170 in
1568 3128 1608 3172 ea

493 3212 671 3279 tractanda
690 3214 732 3279 ad
754 3212 910 3279 Platonis
929 3211 1171 3278 auctoritatem
1187 3210 1278 3277 ultro
1299 3234 1335 3280 se
1350 3212 1551 3292 contulisse,
1566 3252 1609 3260 —

494 3342 574 3385 cum
594 3324 715 3387 contra
741 3343 782 3387 ex
797 3319 883 3409 ipsis
898 3319 938 3385 de
960 3320 1102 3384 Oratore
1116 3317 1217 3384 libris
1234 3319 1319 3386 satis
1339 3326 1518 3410 appareat,
1532 3321 1608 3406 ejus

493 3427 541 3491 ita
554 3425 797 3516 disceptandae
814 3426 984 3492 rationem
998 3447 1059 3514 per
1069 3426 1302 3492 recentiorum
1317 3425 1609 3515 philosophorum

496 3562 509 3593 «
537 3532 704 3599 scholas»
726 3532 884 3600 Ciceroni
909 3533 1008 3621 quasi
1032 3531 1196 3598 traditam
1216 3554 1302 3599 esse.
1326 3534 1415 3599 Nam
1445 3532 1609 3599 Crassum

494 3661 576 3705 sane
596 3643 629 3705 et
642 3633 835 3706 Antonium
851 3638 892 3705 de
908 3639 963 3705 his
983 3637 1086 3705 robus
1106 3639 1154 3705 ila
1174 3637 1420 3727 disputavisse,
1440 3645 1480 3706 ut
1492 3640 1609 3707 Cicero

493 3766 551 3810 eos
566 3745 709 3817 interae
728 3745 965 3835 colloquentes
992 3746 1085 3826 fecit,
1106 3768 1151 3812 ne
1172 3768 1212 3811 ex
1236 3747 1440 3835 ecquidem
1467 3746 1608 3813 conclu-

493 3850 682 3932 dereliceat,
704 3850 795 3940 quod
812 3852 918 3942 hujus
932 3853 1103 3919 sermonis
1120 3853 1328 3919 memoriam
1344 3852 1386 3919 ab
1402 3854 1479 3943 ipso
1496 3854 1606 3934 Cotta,

495 3958 555 4046 qui
575 3958 606 4024 ei
632 3957 807 4047 colloquio
834 3959 1061 4036 interfuisset,
1084 3959 1257 4048 accepisse
1287 3980 1324 4025 se
1350 3958 1468 4026 Cicero
1498 3961 1609 4047 signi-

495 4064 574 4131 ficat
588 4066 638 4149 (2)
658 4066 842 4154 [quantam
863 4066 956 4132 enim
972 4065 1126 4153 tingendi
1144 4065 1341 4132 libertatem
1365 4094 1379 4126 «
1395 4088 1469 4131 mos
1485 4065 1608 4132 talium

493 4171 751 4259 dialogorum»
776 4174 956 4262 reciperet,
989 4170 1032 4238 ab
1058 4173 1133 4261 ipso
1159 4171 1323 4238 Cicerone
1343 4171 1385 4238 ad
1415 4172 1609 4240 Varronem

493 4276 771 4343 Academicorum
802 4277 1029 4366 posteriorum
1057 4278 1166 4345 libros
1186 4279 1346 4345 mittente
1363 4278 1410 4369 (3)
1432 4281 1610 4367 cognosci·

527 4539 560 4600 (tl
576 4536 614 4586 Gi.
630 4538 668 4586 De
685 4538 728 4586 Or.
745 4538 765 4596 1,
782 4539 821 4596 28,
834 4540 881 4599 ⁴73
896 4538 939 4595 lll,
957 4538 1077 4597 mamm
1093 4536 1235 4600 dequibus
1250 4535 1321 4585 inira
1335 4535 1447 4586 dicotur.

528 4611 559 4671 (2)
573 4610 633 4658 Non
648 4608 730 4658 modo
741 4610 770 4657 in
784 4608 853 4657 libro
869 4610 888 4668 l,
905 4611 988 4666 ott-27,
1005 4636 1032 4643 -
1052 4607 1098 4657 sed
1112 4622 1205 4657 rursus
1219 4607 1248 4657 in
1260 4607 1329 4657 libro
1351 4609 1396 4666 Ill,
1414 4610 1496 4666 lodi,
1513 4634 1540 4645 -
1557 4621 1610 4670 quo

495 4681 555 4745 ipso
570 4680 630 4728 loco
641 4681 732 4730 Cicero
754 4679 856 4730 indicat
882 4700 893 4724 «
920 4680 972 4729 sibi
994 4680 1100 4729 Cottam
1115 4679 1303 4729 tantummodo
1321 4679 1396 4729 locos
1411 4692 1443 4728 ao
1461 4679 1610 4728 sententias

494 4752 577 4813 hujus
588 4751 780 4815 disputationis
795 4750 940 4800 tradidisse
956 4770 977 4799 o.

525 4826 560 4882 (31
574 4822 621 4886 Ep.
632 4823 668 4872 od
679 4822 787 4880 Famtt.‚
800 4823 864 4879 lX‚8
880 4838 886 4870 :
905 4824 1039 4885 «puto
1056 4822 1112 4871 lore
1128 4823 1166 4881 ut,
1183 4835 1245 4870 cum
1257 4822 1363 4885 legeris,
1388 4821 1486 4870 mirere
1508 4836 1559 4871 nos
1583 4821 1610 4871 id

495 4895 601 4944 locutos
614 4909 673 4944 esse
686 4894 756 4944 inter
767 4907 827 4952 nos,
843 4895 915 4957 qaod
927 4908 1066 4957 nunquam
1079 4894 1164 4943 tooati
1174 4907 1266 4942 samus
1279 4892 1341 4951 3sed
1354 4892 1423 4941 nosti
1442 4907 1540 4942 morem
1551 4893 1611 4942 dio-

497 4964 649 5028 loporom...
662 4985 673 5009 o
