4467 6167
818 1270 821 1276 ’
911 1313 1055 1398 enus
1091 1316 1129 1397 n
1244 1349 1247 1354 -

464 1524 630 1601 Quomodo
641 1525 681 1593 ll.
700 1522 825 1591 Tullius
840 1538 936 1590 suum
955 1519 1183 1606 philosophiae
1196 1520 1339 1588 studium
1355 1520 1396 1587 ad
1411 1520 1578 1589 forensem
1656 1620 1660 1628 Ι

668 1631 889 1715 eloquentiam
909 1646 951 1697 ex
975 1628 1153 1696 eruendam
1177 1627 1374 1709 adhibuerit.

925 2085 1073 2155 CAPUT
1096 2085 1112 2152 l

466 2274 639 2357 Quomodo
669 2295 767 2340 soram
792 2272 960 2339 rationem
1001 2272 1042 2339 de
1068 2272 1287 2365 philosophia
1323 2280 1368 2342 ud
1394 2273 1579 2343 oratorium

507 2404 605 2449 usum
617 2379 848 2471 coquosomdu
865 2382 911 2447 M.
931 2379 1059 2447 Tullius
1073 2384 1121 2447 ud
1133 2404 1231 2449 suom
1247 2382 1427 2471 proprium
1448 2381 1581 2449 uiccrrdr'

514 2488 653 2557 hadom
669 2486 842 2575 pertinere
858 2486 930 2575 ipse
943 2486 1196 2577 siqoificauerit.
1369 2477 1373 2485 ¹

507 2709 587 2799 lpse
612 2730 696 2776 sane
715 2708 760 2775 M.
796 2705 933 2774 Tullius
961 2728 1032 2774 non
1051 2707 1234 2793 abstinuit,
1263 2708 1347 2797 quin
1375 2706 1440 2775 hac
1470 2707 1583 2798 philo-

463 2817 606 2907 sophiae
634 2815 677 2883 ad
694 2814 930 2903 eloquentiam
953 2813 1174 2904 adjunctione
1201 2855 1240 2866 -
1262 2815 1402 2905 qualem
1429 2837 1505 2882 eam
1526 2838 1583 2883 ex-

465 2924 607 3014 plicavit
624 2963 668 2974 -
687 2944 768 2990 cum
788 2921 831 2989 ad
844 2922 1046 2989 universam
1069 2922 1208 2989 dicendi
1231 2930 1342 2989 artem
1367 2923 1463 2988 omni
1481 2922 1583 2989 laude

464 3031 713 3098 cumulandam
727 3027 786 3118 (l),
802 3036 878 3097 tum
897 3030 941 3096 ad
954 3051 1053 3096 suam
1070 3030 1182 3120 ipsius
1197 3030 1231 3095 in
1248 3030 1312 3097 hac
1327 3036 1400 3097 arte
1413 3029 1584 3097 excellen-

463 3120 848 3229 tiamsignihcandam
887 3143 1066 3205 uteretur:
1108 3160 1214 3227 quam
1254 3137 1297 3204 ad
1342 3136 1583 3205 excellentiam

465 3245 629 3313 omnibus
667 3245 780 3312 modis
824 3242 1070 3313 declarandam
1106 3252 1144 3312 ut
1184 3251 1291 3312 totam
1324 3266 1447 3312 eorum
1477 3243 1584 3310 libro-

466 3378 556 3440 rum,
590 3378 678 3446 quos
715 3384 730 3417 n
767 3352 938 3422 oratorios
975 3380 990 3412 u
1031 3352 1235 3440 appellavit,
1265 3352 1391 3417 seriem
1440 3350 1583 3417 tendere

463 3463 547 3531 satis
572 3468 727 3551 apparet,
751 3462 799 3528 ita
824 3460 861 3525 in
881 3458 930 3525 eis
947 3459 1164 3547 praesertim,
1187 3480 1274 3548 quos
1290 3457 1331 3523 de
1361 3459 1503 3525 Oratore
1530 3458 1584 3523 in-

463 3569 611 3658 scriptos
627 3570 780 3657 primum
796 3566 915 3636 edidit.
945 3566 1010 3633 hoo
1030 3572 1278 3653 argumentum
1295 3588 1313 3633 e
1344 3565 1584 3655 philosophiae

437 3734 440 3738 ,
465 3675 661 3763 cognitione
677 3675 821 3740 ductum
837 3670 878 3739 ad
892 3672 967 3760 ejus
981 3674 1031 3739 rei
1042 3670 1375 3740 demonstrationem
1386 3672 1585 3740 adhibuisse

466 3781 614 3862 videtur,
623 3820 666 3830 -
677 3782 776 3870 quasi
787 3780 904 3847 minus
918 3778 1132 3845 invidiosum
1142 3779 1208 3845 sibi
1219 3779 1584 3861 foreexistimavisset,

465 3888 495 3955 si
509 3893 643 3954 tantam
659 3888 713 3954 sui
728 3888 838 3977 ipsius
850 3885 1190 3953 commendationem
1204 3885 1247 3952 ad
1267 3893 1397 3952 certam
1411 3886 1585 3952 doctrinae

467 3994 698 4062 accessionem
715 3995 949 4083 potiusquam
966 3992 1009 4060 ad
1026 3992 1241 4082 singularem
1262 3992 1392 4081 inperii
1405 4000 1586 4082 praestan·

465 4102 550 4168 tiam
561 4101 691 4169 referre
706 4101 892 4168 videretur.
903 4100 945 4166 Et
957 4100 1099 4188 quidem
1115 4100 1157 4166 ad
1173 4099 1394 4166 relaxandam
1410 4099 1587 4189 paulisper

466 4206 571 4297 hujus
585 4216 722 4275 nostrae
742 4207 986 4297 disputationis
1008 4207 1230 4274 severitatem
1244 4211 1439 4295 opportune
1450 4205 1584 4284 incidit,

466 4321 505 4382 ut
528 4314 630 4382 nobis
656 4314 721 4380 hoc
750 4314 825 4382 loco
851 4312 1200 4381 animadvertendum
1223 4313 1277 4397 sit,
1311 4312 1406 4402 quali
1427 4312 1586 4392 'artiticio

467 4423 561 4512 ipsos
580 4422 771 4511 superioris
792 4422 915 4488 aetatis
931 4420 1104 4502 homines,
1127 4442 1214 4509 quos
1243 4419 1298 4486 his
1317 4418 1417 4486 libris
1436 4419 1584 4503 induxit,

466 4528 507 4597 ad
522 4528 602 4597 talis
622 4528 760 4596 consilii
776 4527 1059 4596 commoditatem
1074 4528 1255 4615 loquentes
1275 4526 1405 4593 fecerit.

512 4636 616 4703 Sicin
637 4633 807 4725 primodo
833 4634 977 4702 Oratore
997 4633 1086 4700 libro
1111 4634 1186 4723 ipse
1206 4633 1265 4700 ille
1289 4633 1434 4699 Crassus
1458 4632 1587 4699 fatetur

467 4764 504 4810 se
520 4742 817 4809 oeamscientiam
835 4762 940 4829 quam
953 4738 1270 4830 adjungatoratori,
1282 4761 1348 4805 non
1366 4739 1585 4827 complexum

500 4953 522 5017 (l
550 4956 625 5006 Sicut
638 4956 674 5005 De
694 4955 749 5013 0r.‚
761 4952 781 5011 l,
797 4954 842 5013 203
858 4953 939 5014 atquc
951 4951 1063 5015 passim.
