4467 6167
1153 885 1329 952 -98-

684 1052 871 1120 nonnullas
894 1052 1156 1119 honestissimas
1177 1050 1317 1141 Epicuri
1340 1050 1530 1117 sententias
1543 1049 1710 1137 objiceret
1732 1050 1802 1141 (1);

682 1167 786 1250 atque
816 1159 980 1226 interiore
1019 1159 1093 1225 loco
1119 1158 1165 1247 (2)
1194 1166 1356 1225 nostrum
1388 1155 1566 1239 audimus,
1598 1163 1632 1224 et
1676 1156 1718 1224 de
1745 1158 1802 1224 illo

683 1267 844 1335 «Graeco
867 1293 882 1326 »
917 1266 1052 1332 Pisonis
1089 1266 1254 1354 magistro
1285 1263 1325 1352 (u
1348 1264 1551 1331 Graecumr
1584 1263 1686 1349 dicit,
1717 1286 1801 1331 non·

681 1375 755 1463 jam
772 1404 786 1433 u
809 1372 1019 1440 Graeculum
1041 1400 1071 1457 u,
1086 1371 1175 1438 sicut
1188 1369 1229 1437 de
1254 1370 1376 1438 eedem
1403 1371 1438 1435 in
1455 1371 1612 1438 oratione
1623 1382 1705 1459 post
1721 1371 1806 1438 redi-

687 1495 756 1548 tum
776 1477 941 1559 dicebat)
956 1484 994 1543 ut
1013 1475 1054 1544 de
1076 1477 1289 1562 «ingenioso
1305 1474 1445 1543 homine
1468 1481 1573 1561 atque
1591 1475 1728 1544 erudito
1743 1507 1757 1538 »
1776 1485 1806 1545 et

688 1618 703 1649 α
723 1588 875 1655 humano
899 1615 912 1643 r
935 1586 1040 1651 etiam
1056 1584 1268 1674 loquentem,
1294 1624 1332 1632 -
1352 1584 1409 1649 eui
1424 1584 1543 1671 generi
1578 1606 1615 1649 sc
1635 1606 1712 1651 esse
1740 1585 1805 1651 ira·

687 1703 832 1763 tumne
859 1692 886 1757 si
917 1698 1058 1781 cuperet
1078 1688 1233 1779 quidem,
1266 1711 1365 1778 posse
1391 1695 1504 1779 negat,
1537 1730 1576 1739 -
1607 1696 1641 1757 et
1665 1687 1708 1758 de
1734 1691 1804 1781 ipsa

685 1799 840 1866 doctrina
862 1797 944 1865 haec
969 1795 1249 1863 moderatissima
1268 1800 1372 1884 atque
1403 1796 1697 1886 temperatissima
1726 1798 1804 1864 affe-

688 1914 847 1973 rentem:

724 2097 737 2120 «
761 2074 892 2128 Audistis
907 2072 1043 2142 prolecto
1059 2070 1117 2126 dici
1128 2069 1324 2140 philosophos
1340 2069 1500 2139 Epicureos
1527 2083 1633 2123 omnes
1654 2084 1712 2134 res,
1729 2084 1802 2138 quae

685 2164 746 2217 sint
761 2162 873 2216 homini
891 2161 1087 2231 expetendae,
1102 2159 1255 2229 veluptate
1271 2158 1386 2225 metiri3
1410 2163 1530 2211 rectene
1544 2128 1700 2223 thaeus,
1729 2156 1801 2211 nihil

687 2254 723 2307 ud
739 2269 803 2315 nos,
824 2255 885 2320 aut,
905 2250 928 2304 si
949 2251 987 2305 ad
1007 2266 1071 2317 nos,
1088 2249 1163 2303 nihil
1177 2249 1214 2303 ad
1229 2249 1286 2303 hec
1308 2252 1441 2317 tempus;
1458 2247 1510 2301 sed
1532 2253 1632 2302 tamen
1657 2245 1803 2301 lubricum

687 2359 780 2412 genus
801 2341 945 2396 orationis
968 2339 1153 2394 adulescenti
1169 2354 1229 2393 non
1242 2339 1352 2393 acriter
1366 2336 1544 2408 intelligenti
1560 2340 1589 2390 et
1608 2352 1697 2406 saepe
1719 2352 1803 2406 prae-

687 2449 766 2501 ceps.
785 2450 799 2484 a

732 2596 808 2684 lpsa
829 2595 907 2662 talis
926 2595 1161 2661 conclusionis
1178 2596 1265 2662 ratio
1297 2595 1479 2684 aptissime
1505 2593 1663 2661 adhiberi
1694 2599 1803 2683 potest

685 2702 727 2768 ad
741 2725 816 2769 eam
834 2702 1019 2791 ancipitem
1047 2704 1269 2785 sententiam,
1287 2704 1323 2769 in
1336 2724 1405 2791 qua
1422 2701 1618 2767 ll.>Tullius
1635 2710 1673 2768 ut
1690 2700 1801 2791 philo·

686 2810 817 2898 sophus
844 2832 986 2876 versans
1019 2832 1112 2875 nunc
1144 2817 1286 2901 propter
1324 2840 1337 2869 «
1369 2830 1548 2875 summum
1573 2807 1706 2874 bonum
1728 2835 1743 2868 »
1769 2808 1803 2872 in

687 2917 862 3006 voluptate
892 2918 1042 3006 positum
1080 2917 1225 3006 Epicuri
1248 2916 1471 3008 disciplinam
1497 2920 1637 3004 turpem
1654 2912 1805 3003 philoso-

686 3023 824 3113 phoque
839 3023 1163 3113 indiguamjudicat
1189 3032 1292 3114 atque
1315 3024 1471 3115 ejusdem
1487 3021 1650 3088 honestas
1667 3028 1804 3088 senten·

686 3133 749 3197 tias
788 3132 1008 3221 rationesque
1043 3132 1216 3198 virtutum
1254 3135 1565 3206 commendatrices
1604 3160 1666 3227 pre
1698 3138 1804 3205 nihilo

684 3238 810 3306 ducere
827 3237 976 3322 videtur,
1000 3246 1182 3327 propterea
1201 3238 1307 3328 qnod,
1329 3242 1389 3329 qui
1405 3244 1621 3334 voluptatem
1641 3246 1676 3310 in
1691 3247 1804 3334 prima

685 3346 985 3413 commendatione
1006 3347 1174 3435 posuerit,
1190 3347 1219 3412 ai
1236 3369 1306 3412 non
1324 3348 1368 3414 sit
1383 3356 1656 3417 consentaneum
1681 3349 1804 3418 deinde

686 3475 824 3540 negare,
851 3475 948 3541 posse
974 3475 1199 3542 quemquam,
1222 3454 1281 3542 qui
1293 3453 1435 3522 honeste
1445 3479 1516 3524 non
1533 3457 1638 3538 vivat,
1651 3457 1805 3546 jucunde

686 3559 803 3623 vivere
826 3557 887 3646 (3),
923 3599 966 3607 -
997 3582 1088 3625 uurrc
1108 3568 1228 3627 contra
1248 3561 1364 3627 minus
1384 3563 1518 3630 curare
1531 3564 1683 3645 videtur,
1706 3587 1802 3647 num,

685 3685 773 3751 quae
794 3665 966 3752 Epicurus
983 3666 1126 3733 honeste
1142 3688 1181 3733 ac
1198 3668 1372 3756 praeclare
1388 3668 1527 3752 dixerit,
1548 3693 1588 3738 ea
1607 3678 1806 3739 constanter

686 3770 751 3836 sihi
771 3774 1088 3855 convenienterque
1109 3775 1222 3841 dicere
1248 3776 1410 3864 potuerit,
1444 3799 1597 3867 eumque
1623 3808 1637 3838 α
1675 3779 1708 3844 in
1727 3778 1805 3868 phi-

682 3879 909 3967 losophorum
925 3886 1071 3946 chorum
1097 3882 1148 3969 (l)
1169 3910 1184 3943 »
1204 3890 1384 3972 aggregat,
1410 3890 1578 3973 tanquam
1604 3885 1669 3953 hoc
1690 3888 1804 3953 omnis

683 4008 785 4052 verae
795 3986 1033 4075 philosophiae
1050 3989 1231 4076 proprium
1248 3991 1410 4078 quamvis
1426 3992 1674 4075 inconstanter,
1688 4000 1801 4061 tamen

684 4093 861 4161 voluntate
874 4100 1061 4177 tenentem,
1081 4117 1246 4183 «semper
1262 4096 1401 4164 beatum
1417 4120 1493 4165 esse
1506 4099 1703 4188 sapientem
1716 4127 1732 4161 »
1742 4100 1801 4187 (5).

716 4324 748 4384 (1)
764 4323 795 4371 ln
810 4325 873 4377 Pis„
889 4326 919 4371 42
932 4323 1000 4382 (loco
1019 4336 1100 4387 supra
1110 4321 1217 4385 relato).

717 4396 750 4456 (2)
765 4396 796 4442 lo
811 4397 875 4454 Pia,
890 4397 919 4442 68
931 4409 990 4457 sqq.

714 4468 746 4527 (3)
763 4465 800 4515 Cf.
826 4468 907 4529 hujus
935 4466 1084 4516 sententiae
1119 4465 1327 4527 explicationem
1356 4467 1385 4515 in
1410 4466 1478 4515 libro
1501 4468 1523 4516 ll
1540 4469 1577 4516 De
1601 4468 1699 4528 rente,
1723 4473 1746 4520 et
1772 4472 1801 4520 iu

686 4538 704 4585 T
705 4537 790 4586 uerat.
805 4539 835 4595 V,
849 4541 887 4586 26,
901 4539 1028 4601 Epicurus
1041 4539 1114 4587 enim
1126 4537 1150 4585 id
1164 4551 1273 4600 negare,
1286 4538 1332 4587 sed
1345 4558 1356 4581 α
1367 4552 1423 4587 non
1435 4537 1566 4598 laborare,
1577 4554 1660 4604 quam
1674 4541 1727 4591 sihi
1737 4555 1803 4591 con-

684 4610 788 4656 stanter
802 4609 1047 4671 convenienterque
1063 4608 1136 4657 dicat
1151 4626 1172 4665 n,
1187 4608 1336 4657 aGicerone
1352 4608 1458 4657 dicitur.

716 4681 747 4740 (t)
763 4680 799 4727 De
814 4679 857 4728 his
871 4679 961 4728 verbis
977 4679 1011 4729 cf.
1032 4681 1067 4728 De
1081 4680 1177 4738 atate,
1194 4680 1225 4738 ll,
1238 4682 1276 4728 26.

716 4752 749 4811 (5)
766 4751 803 4798 Cl.
818 4751 922 4799 Tuscul.
941 4752 971 4809 V,
986 4752 1014 4799 83
1030 4766 1088 4814 sqq.
1106 4751 1275 4814 (praesertim
1289 4753 1341 4808 llo,
1360 4753 1483 4813 tte-120),
1497 4752 1543 4801 uhi
1563 4754 1630 4803 haec
1655 4754 1805 4805 Carneadia

683 4824 818 4871 sententia
835 4824 991 4886 explicatur,
1011 4840 1022 4868 u
1041 4836 1226 4886 quaecumque
1252 4823 1474 4872 dissentientium
1499 4824 1725 4889 philosophorum
1743 4840 1804 4877 sen·

683 4895 768 4942 tentia
783 4895 819 4943 sit
843 4894 874 4942 de
900 4895 1009 4954 finibus
1032 4899 1154 4944 tamen...
1178 4895 1229 4943 hoc
1252 4894 1421 4958 praeclarum
1446 4897 1524 4957 quasi
1548 4896 1689 4946 decretum
1704 4898 1802 4948 beatae

682 4966 753 5014 vitae
767 4966 884 5029 (semper
908 4967 1019 5017 beatum
1031 4981 1089 5016 esse
1105 4967 1265 5030 sapientem)
1288 4979 1367 5033 posse
1384 4966 1509 5015 omnium
1523 4969 1665 5018 sententiis
1679 4972 1708 5018 et
1721 4969 1804 5019 disei-

682 5036 765 5099 plinis
782 5039 925 5088 convenire
942 5059 963 5087 n.
979 5067 1009 5075 -
1029 5040 1071 5089 Sic
1086 5040 1114 5086 in
1132 5052 1163 5087 ea
1192 5038 1323 5103 oratione,
1346 5051 1428 5100 quam
1448 5053 1496 5102 pro
1525 5054 1586 5103 rege
1613 5040 1739 5102 Deiotaro
1769 5040 1802 5091 ad
