4467 6167
1145 781 1322 902 ...86-

680 1003 773 1070 xime
790 1024 826 1069 se
847 999 1010 1070 delectari
1041 1008 1074 1070 et
1102 1001 1237 1092 perfrui
1258 1000 1454 1091 profitetur,
1485 965 1579 1091 quod
1594 1004 1743 1090 uterquc
1761 999 1796 1067 in

681 1110 862 1201 provincia
878 1108 1152 1176 administranda
1174 1136 1189 1170 α
1216 1108 1437 1176 foedissimae
1451 1106 1684 1197 turpitudinis
1699 1112 1799 1174 notas

681 1215 853 1285 subierint
878 1219 887 1299 (
894 1217 926 1307 l)
944 1244 958 1278 υ
980 1237 987 1297 ;
1004 1217 1285 1305 sententiamque
1300 1236 1400 1282 suam
1419 1215 1468 1281 ita
1482 1215 1707 1304 persequitur
1728 1212 1774 1305 (2)
1789 1232 1796 1281 τ

766 1394 810 1447 An
822 1408 886 1464 ego,
902 1391 927 1446 si
944 1396 972 1446 te
988 1396 1018 1445 et
1032 1390 1189 1446 Gabinium
1200 1390 1282 1445 cruci
1296 1390 1421 1445 suffixos
1433 1389 1574 1451 viderem,
1590 1386 1705 1458 majore
1729 1388 1794 1442 alfi-

683 1498 767 1536 cerer
777 1480 889 1536 laetitia
903 1497 939 1534 ex
948 1482 1080 1550 corporis
1093 1480 1183 1535 vestri
1198 1478 1387 1543 laceratione,
1398 1475 1614 1549 quamaflicior
1629 1492 1667 1531 ex
1681 1477 1798 1533 lamae?

682 1568 803 1625 Nullum
818 1575 863 1624 est
875 1569 1053 1639 supplicium
1067 1569 1243 1640 putandum,
1258 1585 1315 1639 quo
1328 1568 1407 1623 affici
1422 1580 1493 1623 casu
1503 1564 1604 1636 aliquo
1620 1565 1712 1621 etiam
1727 1566 1795 1622 boni

681 1659 735 1713 viri
749 1658 902 1728 fortesque
922 1664 1056 1728 possunt.
1073 1660 1165 1727 Atque
1180 1658 1230 1711 loc
1245 1658 1357 1727 quidem
1369 1658 1453 1712 ettam
1467 1658 1514 1710 isti
1527 1657 1570 1709 tat
1588 1655 1689 1710 dicuat
1704 1658 1798 1725 eolap-

682 1750 750 1804 tarii
766 1748 854 1804 Graeci
866 1749 946 1817 (quos
958 1749 1066 1801 utinam
1078 1749 1120 1801 ita
1130 1748 1252 1813 audires,
1263 1754 1296 1801 at
1310 1752 1391 1801 erant
1404 1745 1556 1800 audiendi:
1572 1761 1719 1814 nunquam
1729 1752 1755 1800 te
1770 1748 1798 1799 tn

682 1843 723 1893 tot
738 1839 850 1906 flagitia
861 1838 1061 1905 inparpitasses
1068 1852 1079 1899 ;
1089 1852 1185 1890 oerum
1199 1836 1281 1889 audis
1292 1838 1322 1889 ia
1333 1833 1523 1904 praesepibus,
1543 1834 1626 1888 audis
1642 1835 1672 1887 ia
1683 1836 1797 1903 stapris,

684 1926 766 1981 audis
781 1928 811 1979 ia
821 1925 881 1979 cibo
896 1932 923 1979 et
933 1925 1020 1995 atrro),
1031 1925 1079 1980 sed
1088 1926 1187 1979 dicant
1199 1926 1245 1979 isti
1255 1926 1317 1993 ipsi,
1332 1926 1382 1993 qut
1395 1924 1473 1978 mota
1487 1923 1593 1989 dolore,
1610 1922 1686 1978 bona
1700 1925 1798 1991 eolap-

682 2023 741 2072 tate
755 2016 903 2083 definiant,
919 2016 1081 2083 sapientem,
1095 2015 1204 2068 etiamsi
1223 2016 1254 2067 ia
1269 2012 1430 2068 Phalaridis
1444 2016 1528 2067 tauro
1543 2012 1668 2067 inclusas
1683 2028 1795 2067 saccea-

680 2107 718 2160 sr's
732 2104 844 2174 ionibus
854 2110 1007 2167 torreatur,
1017 2103 1349 2157 dietaramtamensaoae
1364 2101 1438 2155 illud
1449 2116 1502 2155 esse
1513 2116 1594 2169 seque
1608 2116 1642 2155 ae
1658 2103 1799 2155 tantalum
1817 2168 1820 2175 Ι

681 2194 793 2265 quidem
808 2193 986 2248 commoveri:
1006 2196 1115 2246 tantam
1133 2193 1246 2245 virtutis
1265 2192 1320 2244 aira
1332 2205 1388 2246 esse
1404 2191 1565 2258 voluerant,
1586 2196 1619 2244 at
1638 2206 1696 2243 non
1707 2195 1800 2259 posset

682 2300 736 2337 esse
755 2297 879 2352 unquam
894 2284 937 2335 vir
956 2280 1043 2335 bonus
1064 2297 1123 2335 aaa
1142 2279 1247 2334 beatas.
1260 2281 1339 2345 Quae
1355 2283 1400 2334 est
1414 2279 1504 2350 igitur
1515 2294 1621 2349 poena,
1637 2279 1800 2349 quodsup-

683 2371 825 2443 plicium‘?
837 2371 867 2425 ld
877 2387 943 2425 mea
953 2369 1111 2436 sententia,
1122 2369 1200 2440 quod
1211 2369 1346 2423 accidere
1362 2367 1476 2422 nemini
1490 2367 1656 2438 potestnisi
1669 2368 1799 2436 nocenti,

682 2466 819 2531 suscepta
839 2459 929 2526 fraus,
948 2458 1090 2529 impedita
1111 2463 1141 2513 et
1156 2473 1295 2529 oppressa
1320 2472 1416 2521 mens,
1432 2457 1581 2512 honorum
1602 2456 1716 2521 odium,
1731 2463 1800 2511 nota

684 2550 783 2604 inusta
799 2554 930 2614 senatus,
946 2548 1065 2603 amissio
1086 2546 1270 2619 dignitatis..

728 2734 804 2812 Quo
822 2732 858 2798 in
879 2731 953 2798 loco
969 2731 1151 2798 referendo
1167 2731 1195 2797 si
1215 2754 1254 2797 ea
1274 2730 1526 2816 misissemus,
1547 2753 1637 2820 quae
1657 2730 1699 2798 de
1718 2732 1800 2821 Epi-

683 2839 797 2906 cureis
820 2837 912 2905 dicta
944 2838 1125 2927 areliquo
1152 2838 1342 2905 sententiae
1378 2843 1489 2904 tractu
1519 2838 1673 2927 separari
1700 2861 1799 2928 posse

684 2945 929 3027 indicavimus,
951 2945 1042 3011 nihil
1058 2967 1140 3012 sane
1161 2945 1327 3012 orationis
1356 2945 1533 3011 contextui
1557 2943 1676 3011 deesse
1705 2945 1799 3013 vide·

684 3059 780 3120 retur
794 3082 801 3133 ;
813 3051 873 3120 sed
887 3054 929 3119 de
945 3052 1377 3142 sententiaeexplicatione
1388 3051 1625 3120 certissimum
1639 3053 1798 3141 propriae

684 3161 860 3229 Ciceronis
887 3159 1091 3227 eruditionis
1113 3160 1254 3249 signum
1274 3159 1468 3227 detractum
1477 3163 1577 3225 esset.
1597 3158 1686 3224 Nam
1709 3158 1797 3247 quod

684 3289 862 3336 summum
897 3267 1107 3356 supplicium
1137 3288 1207 3332 non
1239 3266 1275 3332 in
1319 3292 1335 3326 «
1378 3261 1513 3345 morb0,
1557 3270 1683 3346 morte,
1706 3286 1798 3331 oru-

683 3377 776 3443 ciatu
796 3374 887 3463 (3();,
902 3372 961 3440 sed
976 3374 1009 3437 in
1040 3401 1054 3433 α
1080 3373 1275 3461 ignominia
1295 3375 1342 3462 (l)
1365 3398 1381 3433 >t
1404 3393 1479 3438 esse
1506 3371 1615 3460 ponit,
1636 3371 1698 3437 tali
1724 3394 1799 3437 sen·

683 3482 791 3549 tentia
810 3481 846 3547 in
866 3485 988 3546 senatu
1014 3502 1157 3547 romano
1187 3477 1394 3568 proferenda
1412 3477 1503 3545 nihil
1527 3478 1608 3545 novi
1635 3476 1799 3545 afferebat

683 3588 752 3654 nisi
781 3585 1016 3676 amplificandi
1046 3587 1232 3654 artificium
1264 3609 1332 3675 quo
1358 3592 1458 3653 utens
1489 3586 1523 3650 in
1551 3607 1590 3651 ea
1625 3583 1745 3651 haeret
1766 3591 1798 3652 et

682 3699 920 3761 commoratur
935 3693 983 3783 (ὅ)
999 3715 1146 3782 eamque
1168 3692 1287 3759 multis
1304 3690 1415 3758 modis
1435 3692 1584 3758 oratorie
1597 3697 1712 3757 versat
1730 3690 1796 3781 (6);

684 3798 774 3891 quod
791 3806 908 3867 autern
931 3800 972 3867 ad
993 3822 1070 3868 eam
1090 3797 1400 3867 confirmandama
1421 3797 1712 3887 philosophorum
1740 3820 1798 3886 po-

682 3908 753 3974 tius
775 3906 902 3974 scholis
926 3909 974 3974 sic
1012 3908 1202 3995 sumpsisse
1224 3905 1374 3985 videtur,
1415 3933 1430 3967 α
1458 3904 1598 3972 nullum
1618 3926 1694 3970 esse
1718 3927 1798 3993 sup·

684 4013 831 4103 plicium
853 4012 1055 4103 putandum,
1073 4036 1142 4103 quo
1155 4013 1246 4079 allici
1266 4033 1348 4079 casu
1369 4013 1485 4100 aliquo
1504 4012 1609 4079 etiam
1634 4008 1716 4077 boni
1730 4011 1798 4078 viri

682 4120 861 4210 fortesque
883 4121 1068 4210 possint»,
1093 4161 1137 4169 -
1156 4142 1200 4187 ne
1216 4118 1280 4185 hoc
1302 4117 1441 4207 quidem
1463 4123 1710 4208 argumentum
1730 4117 1797 4182 nisi

683 4225 724 4291 ad
747 4226 950 4316 popularem
968 4227 1087 4294 elfere
1103 4228 1283 4315 vulgarem
1297 4226 1464 4292 rationem
1480 4225 1679 4292 traductum
1699 4221 1794 4289 adhi-

684 4330 782 4400 buit:
816 4355 891 4399 eam
908 4334 1001 4399 enim
1024 4363 1038 4394 α
1061 4333 1292 4421 ignominiam
1314 4360 1344 4415 n,
1363 4354 1431 4421 qua
1456 4332 1640 4399 inimicum
1660 4352 1797 4397 suuma

682 4445 804 4505 senatu
826 4444 982 4506 notatum
1009 4461 1083 4507 esse
1114 4440 1174 4521 ait,
1202 4439 1360 4506 fortunae
1395 4438 1533 4507 casibus
1565 4440 1614 4506 ila
1639 4437 1795 4527 opponit,

711 4680 745 4743 (ll
758 4681 788 4731 V.
804 4678 890 4742 ipsam
908 4679 1067 4737 orationem,
1083 4680 1111 4727 ll
1129 4691 1187 4742 sqq.
1204 4680 1254 4740 ;lt
1267 4692 1326 4743 sqq.

711 4758 744 4821 (2)
759 4756 788 4803 ln
805 4753 832 4803 L.
845 4752 976 4808 Pisonem,
989 4752 1028 4799 42.

675 4860 676 4863 κ
710 4828 782 4892 (3)et
798 4826 833 4886 (4)
847 4822 879 4870 Ia
896 4820 923 4869 L.
938 4820 1066 4878 Pisonem,
1085 4822 1124 4877 43,
1140 4821 1179 4867 45.

709 4902 741 4963 (tt
757 4898 831 4946 Sicut
845 4895 874 4943 in
888 4893 998 4943 Oratore
1011 4892 1075 4955 llll)
1087 4891 1216 4941 admonet
1226 4894 1361 4940 oratorem
1376 4891 1483 4954 saepius
1498 4889 1641 4940 lecturum.

709 4971 742 5034 (6)
758 4969 796 5019 cl.
810 4969 838 5017 in
850 4967 878 5016 L.
894 4967 947 5014 Pis.
959 4966 996 5023 43,
1012 4978 1043 5013 ec
1055 4975 1124 5025 quse
1135 4965 1284 5025 sequuntur
1297 4962 1388 5012 locum
1403 4975 1486 5025 supra
1499 4962 1623 5011 relatum.
