4467 6167
1065 816 1231 881 ..(1.-

587 983 713 1051 vitates
724 988 759 1050 et
778 982 880 1049 initio
889 982 1098 1050 constitutas
1114 987 1148 1050 et
1159 1004 1261 1073 saepe
1276 989 1498 1051 conservatas
1513 1005 1589 1051 esse
1605 983 1706 1050 Cras-

588 1113 647 1158 sus
660 1088 796 1169 dixerit,
821 1090 983 1165 alterum,
1001 1089 1093 1179 quod
1117 1095 1251 1157 remoto
1270 1089 1545 1171 foro‚conoione‚
1555 1089 1707 1180 judiciis,

588 1203 723 1278 senatu,
754 1198 915 1263 statuerit
939 1203 1112 1264 oratorem
1128 1196 1166 1263 in
1186 1196 1281 1263 omni
1302 1217 1429 1285 genere
1468 1199 1639 1265 sermonis
1673 1204 1707 1265 et

589 1304 817 1370 humanitatis
830 1326 906 1371 esse
927 1304 1116 1392 perfectum
1140 1331 1155 1364 n
1179 1303 1237 1392 (1).
1261 1303 1466 1384 Quorumin
1481 1304 1602 1386 altero,
1620 1326 1707 1394 quo·

589 1410 684 1476 niam
700 1408 735 1476 id
748 1433 767 1477 a
781 1412 958 1499 proposito
972 1416 1092 1477 nostro
1117 1410 1188 1478 fere
1216 1409 1373 1477 alienum
1397 1417 1461 1493 est,
1501 1416 1709 1499 argumenta

588 1519 643 1586 vel
659 1519 774 1607 potius
790 1518 949 1607 exempla
976 1518 1175 1585 aScaevola
1198 1518 1234 1584 in
1258 1518 1468 1585 contrariam
1501 1523 1635 1607 partem
1660 1516 1709 1581 al-

588 1625 658 1692 lata
686 1624 738 1708 (2)
774 1625 1012 1715 negligimus;
1046 1625 1082 1690 in
1104 1625 1213 1693 altero
1243 1631 1373 1706 autem,
1392 1663 1434 1673 -
1459 1622 1551 1713 quod
1565 1621 1707 1711 quidem

589 1738 761 1822 quatenus
773 1730 816 1799 ad
826 1738 984 1799 nostram
997 1733 1239 1822 quaestionem
1255 1732 1439 1823 pertineat.
1464 1752 1544 1797 mox
1577 1728 1708 1797 videbi·

588 1861 679 1918 mue,
702 1876 742 1891 -
762 1839 907 1928 opponit
917 1838 1041 1906 Crasso
1052 1838 1343 1930 philosophorum
1360 1839 1511 1905 maxime
1526 1859 1648 1926 greges
1660 1837 1708 1927 (3)

590 1976 605 2006 «
619 1946 855 2036 possessiones
871 1974 885 2007 n
903 1968 985 2013 suas
995 1946 1259 2021 vindicantium,
1289 1966 1439 2035 quorum
1466 1949 1540 2009 tum
1572 1944 1710 2010 univer-

588 2074 720 2132 sorum,
743 2059 818 2119 tum
846 2053 1079 2143 persingulas
1093 2053 1247 2122 familias
1280 2050 1594 2121 contradicentium
1608 2072 1710 2139 argu-

591 2165 709 2226 menta
722 2158 869 2246 colligit,
882 2166 921 2226 ut
936 2160 987 2226 sic
1004 2159 1202 2242 concludat,
1244 2165 1426 2226 oratorum
1452 2158 1606 2225 facultati
1640 2180 1710 2224 non

591 2294 606 2324 α
629 2265 743 2332 omnis
756 2265 929 2332 sermonis
959 2264 1233 2356 disputationem
1255 2293 1285 2346 »‚
1304 2264 1364 2333 sed
1375 2263 1508 2354 judicia
1524 2269 1661 2330 tantum
1677 2270 1710 2331 et

587 2370 771 2438 conciones
791 2377 824 2437 et
837 2378 997 2438 senatum
1022 2371 1246 2439 attribuenda
1261 2394 1348 2439 esse.
1365 2411 1408 2420 -
1436 2369 1548 2451 Quam
1577 2371 1710 2460 opinio·

564 2505 568 2507 >
590 2498 670 2543 nem
681 2474 745 2543 sihi
765 2474 907 2565 quidem
924 2478 1143 2546 notissimam
1167 2500 1242 2545 esse
1270 2478 1413 2545 Crassus
1443 2477 1627 2567 respondet
1647 2476 1707 2566 (4),

588 2583 719 2674 quippe
730 2605 840 2651 cuma
854 2583 958 2650 claris
972 2584 1151 2651 variarum
1171 2595 1344 2651 sectarum
1356 2584 1574 2674 philosophis
1590 2584 1710 2652 eadem

588 2688 660 2756 fere
676 2689 718 2757 de
733 2697 870 2758 oratore
889 2690 1067 2780 disputata
1096 2689 1243 2757 Athenis
1265 2691 1415 2758 audierit
1432 2716 1441 2775 ς
1471 2714 1593 2781 eaque,
1623 2713 1711 2782 quae

520 2843 523 2848 -
587 2803 709 2864 contra
727 2819 786 2863 eos
815 2802 897 2863 tunc
930 2797 1136 2864 disseruisse
1152 2820 1188 2864 se
1206 2798 1265 2875 ait,
1285 2798 1319 2863 in
1342 2799 1491 2887 duplicis
1511 2799 1710 2886 argumenti

588 2903 738 2971 formam
753 2904 936 2970 recollecta
956 2905 1117 2993 explicat,
1140 2904 1239 2994 cujus
1256 2905 1341 2972 haec
1357 2906 1429 2973 fere
1462 2926 1600 2971 summa
1634 2911 1709 2971 est:

549 3060 554 3069 «
588 3015 781 3091 oratorem,¹
791 3012 928 3078 etiamsi
947 3012 1026 3100 quis
1042 3034 1124 3079 eum
1156 3012 1197 3079 ad
1214 3012 1346 3101 judicia
1365 3011 1454 3080 etad
1476 3013 1658 3078 conciones
1679 3018 1712 3078 et

588 3116 631 3185 ad
651 3118 838 3184 sententias
850 3119 885 3183 in
896 3125 1017 3185 senatu
1029 3118 1192 3185 dicendas
1206 3118 1315 3207 redigi
1331 3120 1491 3186 voluerit.
1508 3125 1625 3186 tamen
1640 3148 1655 3180 «
1669 3118 1712 3185 ab

587 3225 684 3291 omni
698 3224 854 3293 doctrina
866 3247 1054 3314 rerumque
1066 3225 1239 3313 majorum
1253 3227 1397 3293 scientia
1410 3226 1457 3315 (s)
1476 3255 1489 3285 »
1507 3247 1571 3291 non
1586 3226 1712 3292 idcirco

591 3331 846 3402 excludendum
874 3355 961 3415 esse,
980 3333 1108 3421 quippo
1133 3333 1188 3399 cui
1215 3333 1256 3399 ad
1279 3333 1507 3401 exercendam
1533 3332 1586 3399 vel
1602 3333 1636 3398 in
1656 3331 1712 3399 his
1734 3340 1735 3344 ’

589 3440 747 3528 angustis
771 3440 930 3505 terminis
955 3439 1191 3527 eloquentiam
1225 3437 1308 3506 haec
1336 3441 1411 3529 ipsa
1431 3441 1575 3506 scientia
1595 3439 1713 3506 deesse

587 3570 657 3614 non
673 3545 795 3613 debeat
813 3569 821 3627 3
838 3544 913 3634 ejus
927 3554 1019 3614 certe
1035 3547 1306 3636 scientiae,quae
1326 3546 1615 3636 philosophorum
1635 3569 1714 3636 pro-

589 3654 728 3743 priasit,
749 3652 1201 3742 cognoscendaeutilitatem
1216 3655 1298 3720 satis
1319 3676 1360 3719 ex
1380 3676 1419 3720 eo
1436 3654 1584 3742 perspici
1600 3675 1711 3742 posse,

588 3759 680 3850 quod
689 3767 723 3827 et
733 3759 776 3827 ad
789 3759 984 3827 tractandas
997 3760 1114 3825 multis
1127 3758 1239 3825 modis
1252 3758 1433 3827 hominum
1448 3767 1581 3826 mentes
1591 3767 1714 3827 natura

589 3867 773 3935 hominum
787 3868 818 3933 ei
832 3867 1009 3954 incognita
1032 3889 1106 3933 esse
1133 3888 1203 3932 non
1217 3865 1337 3933 debeat
1365 3866 1426 3956 (6)
1442 3874 1474 3933 et
1509 3868 1544 3932 iu
1570 3866 1714 3934 dicendo

588 3975 691 4041 multi
710 3974 865 4041 incidant
893 3974 958 4041 loci
982 3997 1067 4062 quos
1090 3972 1185 4062 philo
1210 3973 1311 4062 sophi
1335 3980 1373 4041 ut
1393 3997 1474 4041 suos
1499 3974 1633 4041 tradere
1654 3996 1715 4040 so-

587 4083 745 4170 leant(7);
758 4079 914 4169 ejusdem
925 4103 1007 4147 vero
1021 4080 1253 4146 maximarum
1265 4101 1381 4145 rerum
1392 4081 1555 4146 scientiae
1565 4080 1715 4146 necessi-

589 4193 696 4255 tatem
711 4187 838 4255 clarius
854 4191 958 4254 etiam
973 4209 1153 4275 apparere,
1171 4188 1199 4253 si
1217 4214 1232 4247 κ
1248 4188 1395 4253 oratoris
1422 4186 1512 4253 nihil
1544 4209 1618 4253 esse
1646 4193 1714 4253 sta·

620 4402 653 4464 (ll
665 4402 702 4451 De
717 4402 760 4451 Or.
777 4403 794 4463 l,
811 4403 879 4465 (cap.
893 4403 927 4463 9),
941 4403 979 4451 35.

621 4473 655 4535 (2)
672 4472 750 4531 thid,
763 4476 848 4523 36-40.

620 4545 654 4607 (3)
670 4544 843 4609 Philosophus
861 4561 876 4595 a
890 4546 999 4595 Socrate
1012 4548 1086 4595 ortos
1096 4546 1226 4597 Scaevola
1242 4550 1349 4611 separat
1363 4549 1396 4597 ab
1423 4547 1478 4598 illis
1498 4549 1642 4610 veteribus,
1668 4552 1715 4613 qui

592 4630 607 4665 ι
617 4615 725 4680 physici
741 4631 755 4664 n
771 4616 835 4665 dicti
851 4619 928 4666 erant
939 4616 985 4678 (Cf.
1002 4617 1051 4679 ⁴2),
1064 4618 1135 4666 sicut
1152 4617 1210 4666 fieri
1228 4618 1350 4668 videmus
1362 4621 1390 4669 in
1410 4621 1630 4670 Academicorum
1645 4622 1715 4686 prio-

587 4698 656 4735 ·rum
673 4688 741 4737 libro
755 4688 777 4735 ll
791 4689 860 4752 (cap.
877 4691 910 4749 5).

621 4758 656 4820 (t)
671 4760 707 4808 De
719 4759 761 4808 Or.
775 4760 794 4817 Ι,
806 4762 844 4807 45.

620 4830 655 4892 (5)
670 4830 711 4879 lta
724 4831 868 4893 loquentes
879 4830 1057 4894 philosophos
1074 4832 1186 4882 Crassus
1202 4833 1275 4894 lacit,
1292 4837 1330 4883 46.

624 4901 928 4963 &mmmmm

526 5019 529 5024 s
623 4973 655 5035 (l)
666 4972 710 5027 ,Gt
727 4972 792 5022 ibid.
804 4976 842 5022 56.
