4467 6167
1080 889 1260 954 ..36-

614 1060 763 1150 phorum
776 1063 976 1146 contemptu
997 1055 1243 1123 vindicandum
1264 1056 1306 1144 (t)
1327 1053 1392 1121 hoc
1412 1055 1529 1144 ipsum
1543 1076 1734 1143 argumen-

615 1173 692 1233 tum
722 1188 742 1232 a
767 1165 911 1231 Platone
948 1163 982 1229 in
1013 1162 1188 1252 sophistas
1220 1162 1394 1230 intentum
1433 1160 1608 1244 adhibeat,
1638 1161 1733 1252 quod

613 1278 729 1340 orator
748 1294 768 1337 a
781 1269 1005 1361 philosophia
1017 1270 1208 1336 instructus
1225 1291 1300 1336 esse
1315 1268 1448 1356 debeat,
1460 1275 1591 1335 —tum
1605 1291 1649 1336 ne
1666 1268 1733 1336 hae

613 1377 756 1468 quidem
767 1375 1010 1468 philosophiae
1026 1374 1067 1442 ad
1078 1375 1315 1465 eloquentiam
1330 1374 1570 1465 adjungendae
1598 1375 1734 1443 ratione

613 1480 1737 1571 eumdeterrerividemusacommendandailiavagaetuniversa

617 1588 660 1657 de
692 1590 788 1657 omni
816 1613 866 1671 re,
888 1610 1128 1678 quaecumque
1155 1593 1244 1655 esset
1266 1590 1456 1679 proposita,
1477 1595 1598 1656 ornate
1619 1591 1735 1679 copio-

613 1719 719 1787 seque
736 1695 873 1764 dicendi
890 1696 1118 1785 professione,
1138 1718 1226 1785 quae
1241 1696 1479 1785 sophistarum
1497 1698 1734 1786 propriafuis·

613 1809 675 1870 set.
694 1803 764 1870 Nec
779 1825 861 1870 vero
872 1808 1004 1870 temere
1016 1804 1179 1870 effectum
1195 1810 1255 1877 est,
1272 1808 1323 1885 ut,
1341 1824 1428 1892 quos
1443 1801 1485 1870 ad
1504 1804 1732 1893 philosophos

614 1910 815 1977 recentioris
830 1910 953 1977 aetatis
969 1910 1032 1976 hoo
1048 1908 1285 1998 sophistarum
1305 1909 1564 1991 institutum‚—
1580 1937 1593 1969 a
1608 1909 1733 1999 jubere

614 2015 742 2101 dicere,
757 2039 827 2106 qua
841 2015 882 2083 de
897 2038 933 2083 re
947 2016 1024 2105 quis
1035 2015 1140 2083 veliet
1160 2015 1281 2083 audire
1299 2043 1327 2102 »‚
1343 2056 1387 2065 -
1406 2016 1506 2105 quasi
1522 2016 1733 2084 translatum

614 2123 689 2212 ipse
704 2121 910 2212 videretffl),
932 2144 993 2211 per
1013 2144 1072 2189 eos
1092 2122 1314 2211 potissimum
1332 2122 1439 2212 (quod
1454 2145 1547 2190 nunc
1568 2128 1674 2190 restat
1690 2123 1733 2190 ad

614 2228 873 2319 explicandum)
894 2252 972 2318 eam
991 2229 1234 2319 philosophiae
1250 2229 1520 2320 adjunctionem,
1539 2254 1645 2320 quam
1666 2231 1732 2299 sihi

614 2337 732 2403 animo
745 2342 966 2425 proponeret,
981 2338 1110 2404 oratori
1127 2336 1350 2425 repetendam
1367 2360 1440 2405 esse
1451 2336 1671 2427 judicaverit.

646 2566 678 2628 (tt
695 2567 770 2615 Hanc
782 2567 869 2630 ipsam
884 2568 1149 2631 argumentationem
1160 2568 1250 2618 Cicero
1263 2570 1356 2619 tribuit
1371 2585 1419 2620 suo
1432 2572 1525 2621 Crasso
1538 2574 1633 2622 eontra
1647 2573 1735 2637 philo-

614 2637 714 2700 sophos
730 2637 889 2701 disputanti,
901 2653 1016 2701 quorum
1025 2640 1053 2687 in
1065 2639 1200 2689 irridendo
1211 2643 1315 2691 oratore
1325 2656 1475 2692 consensus
1490 2643 1523 2693 ah
1534 2644 1581 2693 illo
1594 2645 1623 2693 in
1635 2644 1733 2709 Gorpio

614 2709 723 2758 Socrate
740 2710 894 2758 manavisse
907 2710 1014 2760 dieitur.
1035 2710 1072 2759 Cf.
1086 2712 1124 2760 De
1140 2711 1183 2761 Or.
1198 2712 1217 2770 l,
1236 2714 1274 2770 46,
1290 2715 1329 2763 tt.

647 2781 679 2840 (2)
697 2780 771 2828 Sicut
796 2780 853 2843 ipse
869 2780 978 2843 indicat,
994 2782 1031 2830 De
1050 2781 1092 2831 Or.
1110 2782 1130 2840 1,
1145 2784 1189 2831 1⁰2
1205 2795 1211 2841 ;
1229 2783 1264 2831 De
1278 2784 1300 2831 F
1311 2783 1375 2844 nih,
1389 2785 1422 2845 ΙΙ,
1439 2786 1501 2834 t-2:
1518 2802 1529 2831 a
1544 2786 1631 2835 audax
1649 2802 1731 2852 nego·

614 2849 682 2898 tium
697 2850 838 2912 (Gorgiae),
854 2849 970 2900 dicerem
983 2852 1136 2915 impudens,
1151 2853 1206 2902 nisi
1224 2855 1274 2904 hoc
1286 2855 1444 2906 institutum
1458 2860 1553 2920 postea
1568 2860 1734 2909 translatum

614 2919 767 2969 adnostros
779 2921 957 2986 philosophos
977 2925 1091 2984 esset...,
1109 2926 1159 2974 etc.
1175 2938 1190 2974 o
