4467 6167
1040 866 1206 930 ..10-

564 1029 904 1113 expositasententia
930 1030 1108 1119 pervarie
1137 1030 1174 1096 in
1207 1037 1394 1120 utramque
1426 1037 1563 1120 partem
1579 1053 1687 1122 argu·

563 1141 681 1202 menta
718 1145 929 1204 versaretur.
963 1137 1066 1218 Nam,
1103 1159 1184 1203 cum
1200 1137 1233 1202 in
1257 1137 1434 1227 plerisque
1455 1137 1570 1221 rebus,
1594 1160 1686 1228 quae

562 1263 624 1331 per
638 1240 730 1309 hunc
746 1264 942 1311 sermonem
957 1241 1208 1332 disceptantur,
1225 1250 1300 1311 tum
1321 1244 1470 1312 maxime
1484 1245 1520 1311 in
1556 1267 1608 1329 ea,
1643 1245 1686 1315 de

562 1369 630 1436 qua
659 1348 809 1417 dicimus
839 1356 872 1417 et
901 1350 1115 1440 quaerimus,
1138 1349 1292 1418 diversas
1322 1350 1373 1440 (ut
1408 1351 1520 1439 prima
1541 1352 1685 1441 quidem

561 1456 676 1543 specie
689 1455 864 1543 videntur)
881 1456 995 1523 Crassi
1015 1458 1228 1547 Antoniique
1243 1458 1432 1524 sententias
1451 1456 1493 1524 ad
1509 1480 1617 1525 unam
1630 1481 1684 1527 re-

561 1560 633 1650 digi
663 1584 775 1651 posse,
792 1560 835 1629 ab
855 1562 1001 1631 eruditis
1022 1564 1105 1630 viris
1131 1564 1242 1652 magis
1275 1570 1374 1631 acute
1396 1571 1554 1631 notatum
1576 1586 1683 1654 quam

560 1690 641 1735 vere
653 1668 929 1738 demonstratum
946 1671 1056 1760 estll)
1075 1692 1082 1737 ε
1099 1693 1204 1759 quam
1220 1669 1567 1751 demonstrationem,
1585 1711 1629 1721 —
1646 1673 1683 1738 in

560 1774 603 1841 iis
622 1775 776 1865 quidem,
799 1799 888 1867 quae
916 1777 957 1844 ad
984 1783 1138 1844 nostram
1166 1778 1406 1866 quaestionem
1428 1778 1614 1865 pertinent,
1645 1819 1684 1829 —

559 1882 670 1948 nostri
688 1884 820 1971 proprii
848 1882 976 1949 laboris
992 1905 1066 1950 esse
1082 1883 1373 1964 existimavimus,
1401 1905 1514 1972 neque
1539 1886 1683 1952 omnino

561 1989 655 2074 vani,
677 1990 750 2058 sive
770 1990 860 2080 quod
888 1989 1066 2057 interdum
1089 1996 1151 2057 aut
1169 2013 1229 2080 per
1253 1989 1464 2057 adventicius
1493 1994 1683 2061 sententias

559 2103 620 2163 aut
649 2119 710 2185 per
741 2096 853 2187 ipsam
884 2097 1065 2165 Tullianae
1091 2097 1260 2165 orationis
1288 2097 1401 2165 fusius
1427 2096 1682 2166 redundantem

560 2202 697 2293 copiam
706 2205 750 2293 (2)
779 2204 967 2295 disputatio
979 2211 1137 2292 vagatur,
1156 2206 1230 2273 sive
1247 2211 1389 2295 propter
1398 2206 1587 2294 ancipitem
1604 2229 1682 2295 per-

560 2332 724 2377 sonarum
753 2311 977 2379 induciarum
1007 2312 1106 2400 quasi
1126 2311 1263 2393 faciem,
1287 2333 1436 2400 quarum
1464 2319 1612 2401 utraque
1634 2311 1681 2403 (3)

559 2438 653 2484 nunc
666 2424 704 2484 ut
718 2419 829 2509 ipsius
843 2419 1018 2485 Ciceronis
1039 2419 1210 2508 interpres
1223 2418 1380 2507 loquitur
1396 2418 1456 2508 (l),
1471 2441 1566 2486 nunc
1581 2442 1681 2487 suam

560 2526 737 2613 propriam
768 2528 884 2616 potius
920 2550 1103 2617 personam
1124 2528 1237 2595 induit
1264 2528 1322 2618 (5),
1345 2535 1384 2594 nt
1417 2550 1479 2617 per
1509 2530 1682 2596 sermonis

560 2630 670 2703 flexus
686 2635 742 2703 vel
756 2634 1032 2725 jucundissimos
1055 2658 1109 2702 res
1139 2643 1361 2703 controversa
1377 2636 1521 2724 paulum
1558 2634 1681 2703 obscu-
1729 2689 1730 2693 ,

560 2752 673 2812 retur.
688 2743 739 2809 Ac
752 2741 952 2810 nobishanc
972 2744 1076 2833 paulo
1089 2742 1278 2810 aridiorem
1317 2742 1590 2830 disputationem
1629 2744 1680 2809 in-

559 2848 799 2917 euntibushoc
814 2847 902 2916 forte
917 2849 1132 2916 excusationi
1161 2849 1237 2933 erit,
1267 2847 1372 2937 quod,
1399 2870 1434 2915 re
1456 2847 1612 2937 primum
1633 2851 1678 2918 ita

558 2957 745 3023 constituta
773 2956 1024 3045 explicataque,
1046 2954 1222 3044 reliquum
1237 2955 1314 3035 iter,
1337 2953 1430 3041 quod
1449 2953 1551 3021 nobis
1576 2956 1679 3045 perfi-

502 3130 504 3134 ,
557 3062 723 3130 ciendum
747 3062 825 3142 erit,
849 3062 987 3151 planius
1004 3067 1038 3128 et
1060 3060 1258 3150 expeditius
1273 3060 1342 3128 liet.

602 3344 646 3410 Et
664 3365 758 3427 vero,
787 3348 826 3408 ut
838 3342 871 3407 in
887 3339 1084 3429 primilibri
1115 3340 1304 3432 prooemio,
1333 3338 1374 3406 de
1401 3360 1470 3427 quo
1501 3338 1576 3429 jam
1593 3340 1677 3407 dixi-

558 3473 649 3534 mus,
674 3451 723 3516 sic
756 3446 798 3514 ab
827 3448 902 3537 ipso
924 3448 995 3514 lere
1021 3447 1194 3514 sermonis
1209 3446 1430 3534 ipsiusinitio
1445 3467 1485 3511 ea
1505 3448 1674 3534 quaestio,

557 3556 679 3645 dequa
702 3555 919 3635 disserimus,
941 3555 988 3621 ita
1008 3553 1252 3625 introducitur,
1270 3559 1308 3619 ut
1321 3558 1497 3643 appareat,
1524 3553 1594 3642 qua
1614 3554 1676 3621 sub

558 3664 671 3752 specie
686 3662 805 3729 Cicero
825 3663 859 3727 in
877 3662 941 3729 hoc
960 3660 1201 3751 componendo
1222 3660 1361 3749 dialogo
1397 3683 1487 3740 eam,
1508 3667 1676 3751 tanquam

558 3770 792 3859 praecipuam,
810 3768 1024 3836 tractandam
1040 3768 1106 3835 sibi
1123 3768 1342 3857 proposuerit
1378 3769 1475 3848 Nam,
1492 3774 1675 3857 postquam

557 3878 925 3945 Crassnsexorsusest
954 3876 1128 3943 laudando
1160 3874 1377 3963 praeclarum
1404 3873 1522 3941 Cottae
1562 3875 1675 3963 Sulpi-

555 3986 670 4075 ciique
686 3986 721 4051 in
747 3985 890 4052 colenda
914 3985 1113 4075 eloquentia
1142 3982 1311 4063 studium,
1351 3979 1443 4047 unde
1477 3979 1518 4046 ad
1541 3981 1675 4069 praedi-

555 4092 701 4161 candam
719 4092 998 4181 magnificentius
1014 4092 1126 4182 ipsius
1147 4090 1366 4179 eloquentiae
1386 4088 1591 4176 dignitatem
1618 4088 1676 4155 de-

556 4200 680 4267 ductus
694 4206 746 4267 est
762 4199 822 4290 (6),
841 4236 878 4251 -
899 4198 1064 4266 Scaevola
1080 4199 1113 4264 in
1136 4196 1199 4264 hac
1229 4194 1447 4286 eloquentiae
1477 4194 1675 4262 laudatione

555 4306 623 4374 duo
644 4330 680 4375 sc
696 4305 950 4396 reprehendere
963 4307 1022 4386 ait,
1049 4334 1061 4364 α
1085 4327 1208 4386 unum,
1231 4303 1322 4392 quod
1338 4301 1380 4369 ab
1405 4302 1601 4369 oratoribus
1627 4303 1675 4369 ci-

587 4505 670 4566 (the
685 4504 713 4553 in
727 4504 805 4554 docto
828 4504 936 4567 quidem
962 4507 994 4555 K.
1017 4506 1060 4555 W.
1091 4506 1200 4555 Pideriti
1224 4507 1421 4556 commentario
1451 4507 1494 4569 (ab
1521 4508 1675 4558 Harnecker

553 4577 707 4633 retractato)
722 4576 748 4625 id
765 4577 831 4625 satis
847 4576 1011 4640 explicatum
1025 4579 1189 4627 invenimus.

586 4648 618 4708 (2)
632 4647 711 4698 Velut
725 4648 754 4696 in
765 4648 834 4697 libro
848 4649 867 4707 1,
882 4650 967 4707 trs-52,
983 4652 1062 4710 tta-65,
1075 4653 1125 4700 etc.

586 4720 617 4779 (³)
632 4718 742 4768 Crassus
758 4720 945 4783 Antoniusque
961 4720 1039 4770 solia
1055 4721 1135 4770 nobis
1149 4721 1200 4770 hoc
1213 4721 1273 4770 loco
1284 4721 1497 4773 considerantur.

585 4792 617 4851 (4)
634 4790 691 4839 Hoc
706 4790 737 4839 de
756 4791 872 4840 Antonio
888 4792 971 4840 etiam
986 4792 1192 4856 intelligendum
1206 4794 1260 4853 est3
1277 4792 1314 4842 uf.
1328 4793 1375 4856 Ep.
1394 4794 1430 4841 od
1445 4792 1543 4843 Fomil.
1562 4794 1618 4852 Vll,
1634 4796 1671 4847 32.

585 4863 616 4921 (5)
633 4861 709 4921 Quod
720 4864 757 4912 ita
771 4877 831 4912 esse
842 4863 924 4911 etiam
934 4864 962 4912 in
975 4864 1265 4928 Crasso-praesertim
1279 4863 1310 4913 de
1325 4864 1382 4913 suis
1394 4863 1491 4915 studiis
1503 4864 1634 4929 loquente
1643 4891 1673 4901 -

553 4933 623 4982 inlra
640 4934 872 4983 animadvertitur.

585 5005 618 5068 (6)
631 5007 666 5054 Dc
683 5006 726 5055 Or.
741 5008 761 5060 Ι,
777 5021 835 5070 cap.
851 5009 873 5057 8.
