4467 6167
971 847 1147 911 „33-

506 1017 559 1085 vel
581 1016 817 1084 familiaritate
837 1039 922 1084 usus
937 1025 1022 1097 erat,
1041 1016 1172 1084 anulla
1184 1038 1305 1085 earum
1327 1019 1471 1087 omnino
1486 1016 1624 1085 alienus

506 1114 547 1191 ad
568 1123 657 1191 hanc
673 1125 888 1192 tractandam
902 1126 1143 1213 quaestionem
1159 1124 1351 1192 accedebat.

551 1232 644 1301 Inter
661 1233 723 1299 has
739 1232 846 1321 igitur
865 1231 1016 1298 familias
1045 1253 1126 1298 cum
1145 1231 1237 1299 ultro
1254 1232 1426 1321 significat
1445 1256 1481 1300 se
1512 1260 1527 1295 α
1553 1254 1623 1300 non

505 1362 671 1430 quaerere
685 1360 774 1428 quae
789 1339 834 1404 sit
854 1337 1078 1426 philosophia
1098 1339 1293 1419 verissima,
1307 1339 1366 1407 sed
1385 1362 1473 1429 quae
1492 1342 1624 1407 oratori

504 1450 687 1535 conjuncta
712 1446 860 1511 maxime
876 1444 924 1534 (Ι)
942 1474 971 1526 a,
988 1450 1063 1512 tum
1078 1445 1138 1512 ille
1154 1445 1299 1513 Crassus
1320 1446 1493 1513 Ciceronis
1517 1448 1624 1514 inter-

506 1575 584 1643 pres
611 1553 799 1642 Epicureos
832 1552 985 1641 primum
1017 1557 1168 1636 amovet,
1195 1554 1324 1642 quippe
1361 1575 1511 1642 quorum
1540 1552 1623 1620 defr-

504 1661 621 1729 uiendi
639 1689 654 1721 (ι
681 1659 809 1725 summi
832 1658 909 1724 boni
928 1686 942 1718 »
963 1659 1134 1725 rationem
1151 1658 1212 1748 (2),
1231 1686 1247 1721 «
1269 1660 1407 1726 etiamsi
1437 1660 1623 1727 verissima

506 1770 550 1836 sit
561 1768 606 1858 (3)
634 1796 664 1847 a,
681 1772 773 1833 certe
792 1766 907 1852 procul
937 1766 1057 1832 abesse
1079 1764 1213 1854 judicet
1244 1793 1259 1828 «
1281 1769 1325 1834 ab
1355 1791 1394 1836 eo
1419 1769 1495 1836 viro
1516 1791 1622 1858 quem

506 1880 661 1965 quaerat,
679 1880 712 1941 et
731 1893 836 1963 quem
855 1877 1032 1937 auctorem
1064 1870 1195 1960 publici
1228 1874 1364 1941 consilii
1394 1880 1426 1942 et
1451 1876 1623 1965 regendae

505 1983 652 2051 civitatis
672 1979 796 2048 ducem
806 1984 839 2045 et
855 1978 1045 2045 sententiae
1065 1985 1169 2065 atque
1188 1980 1408 2070 eloquentiae
1428 1983 1622 2072 principem

505 2088 541 2154 in
559 2090 732 2165 senatu,in
750 2084 930 2175 populo‚in
940 2086 1053 2152 causis
1074 2087 1222 2173 publicis
1234 2110 1310 2156 esse
1332 2089 1414 2157 velit
1441 2117 1456 2150 »
1473 2091 1517 2178 (Ι)
1537 2112 1543 2171 ;
1560 2112 1622 2157 ne-

505 2217 572 2281 que
587 2216 669 2261 vero
685 2194 810 2282 injuria
826 2193 875 2259 eis
892 2191 955 2259 hoc
970 2193 1121 2260 maxime
1135 2191 1285 2283 objicere
1300 2194 1349 2261 sic
1362 2196 1512 2276 videtur,
1529 2196 1621 2285 quod

508 2330 522 2360 α
550 2300 680 2368 versari
703 2300 738 2365 in
764 2298 941 2388 republica
961 2306 1088 2388 negent
1116 2322 1191 2367 esse
1218 2302 1418 2389 sapientis»
1437 2302 1485 2393 (5)
1507 2302 1622 2391 :quod

505 2406 645 2496 quidem
662 2429 861 2496 quanquam
882 2407 933 2473 eis
954 2407 1185 2474 contumeliae
1203 2416 1337 2476 vertere
1353 2432 1422 2476 non
1441 2411 1513 2478 vult
1529 2413 1621 2497 (nam

505 2537 563 2582 eos
576 2543 590 2576 α
607 2521 640 2582 et
651 2512 756 2581 bonos
769 2515 863 2582 viros
879 2520 924 2594 et,
940 2514 1105 2601 quoniam
1122 2512 1186 2580 sibi
1202 2515 1249 2581 ita
1263 2514 1458 2598 videantur,
1470 2516 1588 2584 beatos
1604 2545 1619 2577 »

505 2643 579 2689 esse
599 2620 777 2707 concedit),
798 2629 915 2688 tamen
934 2643 1003 2687 non
1021 2626 1133 2709 potest
1153 2643 1189 2688 se
1202 2627 1321 2689 tenere
1337 2622 1421 2711 quin
1438 2646 1496 2690 eos
1512 2623 1621 2691 facete

504 2727 699 2810 admoneat,
725 2750 768 2794 ne
788 2750 864 2795 eam
881 2726 1022 2818 quidem
1045 2726 1228 2794 delicatam
1244 2735 1277 2795 et
1292 2729 1438 2796 otiosam
1452 2732 1619 2818 quietem,

505 2858 609 2925 quarn
624 2836 771 2902 maxime
786 2835 939 2923 cupiant,
957 2836 1007 2901 eis
1027 2833 1169 2901 liberam
1193 2856 1267 2901 esse
1285 2856 1397 2922 posse,
1420 2837 1448 2901 si
1467 2836 1514 2919 id,
1528 2837 1620 2925 quod

503 2942 545 3012 de
560 2945 713 3033 sapiente
729 2942 916 3025 affirment,
939 2943 1071 3030 optimo
1095 2942 1221 3029 cuique
1238 2943 1475 3031 persuaserint
1494 2942 1553 3034 (6).

548 3052 681 3121 Stoicos
701 3072 839 3141 quoque
861 3088 895 3097 -
908 3070 1022 3137 neque
1037 3048 1111 3115 sine
1125 3047 1280 3136 ejusdem
1295 3050 1434 3138 generis
1447 3050 1560 3117 ironia
1572 3049 1620 3141 (Ι)

504 3159 704 3227 -dimittit
730 3181 736 3227 :
767 3158 850 3225 dum
877 3157 970 3225 enim
1005 3155 1056 3222 eis
1081 3153 1211 3244 objicit,
1243 3182 1257 3211 r
1294 3177 1375 3222 cum
1406 3157 1621 3247 omnesqui

502 3269 676 3358 sapientes
688 3289 757 3333 non
778 3265 860 3344 sint,
877 3264 982 3345 servi,
1003 3262 1169 3347 latrones,
1185 3261 1314 3343 hostes,
1342 3262 1457 3329 insani
1478 3285 1553 3330 esse
1577 3263 1620 3330 ab

501 3377 550 3443 eis
574 3374 746 3455 dicantur,
767 3370 867 3440 valde
882 3392 964 3437 sane
977 3368 1168 3437 absurdum
1185 3390 1259 3436 esse
1284 3368 1315 3436 ei
1331 3369 1534 3436 concionem
1559 3374 1620 3436 aut

472 3500 475 3504 ’
502 3489 660 3551 senatum
670 3485 729 3548 ant
743 3479 853 3546 ullum
866 3482 1002 3544 coetum
1020 3476 1203 3543 hominum
1214 3476 1505 3557 committere‚cui
1516 3497 1620 3543 nemo

502 3590 657 3669 illorum,
674 3588 734 3676 qui
754 3584 880 3665 adsint,
902 3604 1019 3664 sanus,
1049 3604 1154 3649 nemo
1178 3582 1275 3665 civis,
1311 3604 1415 3649 nemo
1436 3581 1526 3650 liber
1543 3605 1618 3650 esse

503 3695 661 3763 videatur
692 3723 707 3754 »
733 3692 794 3782 (8),
834 3689 877 3758 ad
900 3688 1072 3778 ejusmodi
1115 3689 1316 3756 irrisionem
1355 3712 1391 3757 se
1431 3690 1617 3772 convertit,

502 3823 572 3892 qua
592 3803 627 3867 in
648 3800 846 3868 Stoicorum
861 3802 1000 3879 παράδοξα
1030 3794 1210 3862 intendere
1242 3794 1401 3862 Ciceroni
1434 3796 1617 3863 Murenam

502 3908 700 3977 defendenti
716 3903 938 3974 commodum
954 3903 1019 3969 fuit
1036 3922 1044 3982 ;
1060 3900 1120 3968 sed
1145 3902 1230 3969 haec
1244 3902 1405 3991 graviora
1436 3902 1528 3970 addit
1544 3903 1592 3994 (9)
1607 3924 1615 3972 :

538 4095 652 4151 Accedit
666 4092 740 4164 quod
758 4090 895 4148 orationis
909 4088 992 4145 etiam
1008 4101 1097 4158 genus
1121 4086 1227 4143 habent
1251 4085 1365 4142 tortasse
1384 4086 1487 4143 subtile
1500 4092 1529 4143 et
1541 4091 1618 4144 certe

500 4191 625 4250 acutum,
642 4184 701 4251 sed,
712 4188 744 4238 ut
759 4182 788 4236 in
811 4184 932 4244 oratore,
956 4176 1041 4242 exile,
1065 4176 1243 4239 inusitatum,
1264 4174 1419 4231 abhorrens
1438 4174 1473 4231 ab
1497 4175 1618 4231 auribus

501 4274 589 4343 vulgi,
617 4273 780 4335 obscurum,
810 4269 904 4332 inane,
930 4265 1073 4335 ieiunum,
1094 4279 1127 4320 ac
1153 4269 1242 4320 totum
1265 4263 1414 4335 ejusmodi,
1444 4278 1501 4335 quo
1520 4265 1562 4320 uti
1582 4264 1617 4321 ad

500 4364 606 4433 vulgus
619 4359 787 4417 nullomodo
809 4356 895 4427 possit
915 4370 922 4409 z
942 4354 997 4409 alia
1010 4353 1088 4409 enim
1103 4358 1131 4409 et
1145 4352 1217 4408 bona
1236 4358 1263 4409 et
1281 4352 1355 4408 mala
1368 4352 1502 4409 videntur
1517 4353 1619 4409 Stoicis

500 4457 528 4508 et
540 4450 642 4507 ceteris
665 4448 776 4505 civibus
789 4447 835 4503 vet
851 4443 945 4516 potius
970 4442 1104 4512 gentibus
1121 4459 1129 4511 ;
1149 4441 1205 4497 atta
1229 4442 1273 4497 vis
1296 4440 1411 4498 honoris
1432 4440 1616 4513 ignominiae,

542 4650 552 4696 Ι
580 4648 618 4696 De
631 4646 675 4696 Or.
693 4646 738 4703 iil,
750 4647 791 4696 64.

531 4648 565 4781 (2)
575 4717 613 4780 [ΙΙ.
626 4716 691 4767 ibid.
707 4719 752 4775 633
770 4735 781 4759 «
840 4728 909 4778 quae
925 4715 1046 4778 suscepit
1057 4714 1239 4776 patrocinium
1253 4713 1431 4778 voluptatis...
1447 4733 1459 4759 »

531 4791 573 4853 (3),
591 4790 633 4851 (Ι),
648 4790 680 4850 (5)
697 4791 723 4837 et
736 4789 768 4849 (6)
785 4786 823 4835 Gt.
839 4785 906 4834 ibid.
926 4788 1010 4835 63-64.
1528 4821 1530 4828 .

531 4862 562 4923 (Ι)
579 4858 813 4911 Gt.0e01·.ltl‚65:
827 4870 981 4906 «...neceos
995 4855 1326 4919 iratosvereor‚quoniem
1335 4855 1417 4906 irasci
1430 4856 1588 4907 nesciunt...
1602 4877 1614 4903 ιι

530 4933 564 4994 (Β)
579 4933 607 4981 et
621 4932 655 4993 (9)
667 4929 733 4979 lbid.
749 4929 832 4977 trs-ca.
