4467 6167
1027 838 1200 904 ..82-

562 1009 650 1075 vitae
692 1029 775 1074 suae
809 1006 968 1096 publicae
1008 1011 1209 1095 temporum
1245 1004 1588 1073 commendationem
1621 1030 1682 1097 per

559 1115 645 1182 duas
656 1112 973 1204 praestantissimas
984 1112 1146 1190 virtutes,
1166 1112 1448 1180 -constantiam
1463 1111 1683 1181 humanitate

559 1223 794 1309 conjunctam,
829 1260 852 1267 -
879 1226 1082 1309 persecutus
1107 1220 1163 1286 sit.
1182 1219 1240 1287 Sic
1259 1221 1353 1287 enim
1380 1220 1416 1286 in
1437 1222 1501 1302 eiS,
1524 1242 1614 1310 quae
1639 1221 1680 1288 ad

559 1326 825 1418 opprimendam
855 1325 1023 1393 Catilinae
1050 1324 1329 1416 conjurationem
1362 1327 1483 1394 consul
1511 1334 1679 1418 gesserat,

559 1457 639 1501 cum
665 1433 900 1524 periculorum
926 1456 988 1522 pro
1007 1431 1220 1522 reipublicae
1241 1434 1353 1501 salute
1381 1434 1520 1501 fortiter
1539 1458 1679 1525 suscep·

558 1547 673 1608 torum
694 1539 833 1606 laudem
849 1539 913 1606 sibi
936 1538 1121 1621 tribuebat,
1136 1546 1211 1607 tum
1231 1570 1244 1600 a
1268 1540 1484 1608 crudelitatis
1508 1570 1523 1602 n
1546 1543 1681 1609 crimen

558 1648 601 1714 ab
621 1634 842 1713 inimicorum
866 1646 1111 1713 malevolentia
1126 1646 1302 1734 objectum
1318 1670 1337 1713 a
1353 1670 1389 1714 se
1406 1649 1454 1713 ita
1476 1648 1679 1738 repellebat,

560 1762 595 1820 ut
609 1753 813 1836 affirmaret,
823 1776 859 1820 se
870 1753 913 1819 ab
924 1754 977 1820 bis
991 1754 1145 1821 lenitatis
1162 1754 1494 1844 misericordiaeque
1506 1756 1677 1845 partibus,

558 1884 645 1952 quas
671 1867 835 1928 anatura
865 1861 941 1950 ipsa
969 1860 1090 1928 doctus
1121 1884 1260 1952 semper
1290 1860 1456 1930 libentius
1484 1862 1679 1952 ageret,·ad

560 1966 773 2035 induendam
819 1968 916 2035 illam
953 1969 1136 2057 gravitatis
1185 1970 1451 2059 severitatisque
1490 1993 1678 2060 personam

558 2076 720 2166 quamvis
747 2076 910 2155 invitum,
932 2080 1133 2143 constanter
1157 2084 1287 2161 tamen,
1317 2098 1398 2143 cum
1427 2077 1627 2166 respublica
1646 2077 1678 2143 id

557 2181 783 2266 desideraret,
801 2204 836 2248 se
853 2186 1049 2251 traduxisse
1065 2184 1127 2273 (1).
1150 2185 1265 2273 Atque
1281 2184 1315 2249 in
1338 2182 1402 2250 hoc
1418 2206 1501 2250 sane
1518 2184 1678 2251 inhuma-

558 2289 675 2355 nitatis
698 2287 880 2355 maledicto
902 2293 1143 2381 purgationem
1170 2292 1224 2357 sui
1241 2292 1323 2357 satis
1343 2291 1480 2358 facilem
1504 2290 1675 2376 habebat3

558 2394 616 2461 sed
638 2400 676 2461 ut
700 2395 796 2461 omni
822 2394 959 2465 dicendi
979 2399 1139 2483 artificio,
1163 2398 1211 2464 ita
1232 2396 1469 2486 pulcherrimo
1492 2399 1675 2466 sententia-

560 2526 635 2570 rum
655 2504 837 2570 moralium
853 2506 1086 2570 instrumento
1100 2503 1132 2570 ei
1148 2501 1352 2569 enitendum
1369 2503 1448 2585 luit,
1461 2510 1497 2570 ut
1520 2503 1563 2570 ad
1578 2505 1690 2586 relelg

558 2612 695 2677 leudam
716 2610 888 2677 diversam
906 2612 1131 2677 inimicorum
1144 2609 1413 2698 invidorumque
1434 2609 1476 2678 de
1492 2611 1569 2676 aliis
1593 2618 1674 2678 tem·

558 2716 699 2806 poribus
712 2718 1003 2806 vituperationem
1016 2717 1062 2806 (2)
1085 2716 1352 2795 demonstraret,
1368 2739 1416 2799 se,
1431 2738 1512 2783 cum
1534 2718 1676 2785 scelera·

557 2825 773 2891 tissimorum
799 2822 981 2891 hominum
1011 2853 1026 2885 «
1053 2823 1250 2891 crudelitati
1278 2823 1441 2914 cessisset
1460 2822 1508 2912 (3)
1532 2852 1562 2905 a,
1595 2846 1672 2903 non,

558 2931 647 3021 quod
670 2931 812 2998 illorum
833 2931 989 2999 furorem
1009 2930 1260 3019 audaciamque
1279 2930 1531 3019 pertimuisset,
1555 2940 1672 3020 parato

559 3071 573 3100 «
604 3038 773 3107 bonorum
793 3039 925 3106 auxilio
957 3068 972 3100 n
1011 3038 1166 3106 defuisse
1190 3039 1252 3127 (l),
1276 3036 1334 3104 sed
1365 3064 1380 3098 «
1403 3060 1442 3104 ea
1468 3038 1670 3107 condicione

557 3156 626 3215 tam
647 3148 771 3215 fortem
801 3147 921 3226 tuisse,
944 3151 979 3212 ut
1011 3167 1089 3212 cum
1122 3144 1251 3234 patriae
1283 3144 1425 3211 caritate
1456 3148 1671 3214 constantiae

555 3256 703 3346 gloriam
724 3259 953 3321 commutaret
969 3252 1017 3342 (5)
1041 3280 1069 3319 n.
1089 3253 1177 3319 Nam
1203 3251 1294 3341 quod
1323 3273 1392 3317 non
1413 3253 1585 3341 potuisset
1604 3253 1670 3319 nisi

556 3365 673 3430 animo
714 3363 822 3427 fracto
863 3367 898 3427 et
931 3360 1060 3426 afflicto
1096 3389 1109 3417 α
1139 3360 1270 3449 patriae
1305 3380 1409 3426 causa
1440 3359 1589 3448 patriam
1625 3361 1671 3427 ita

555 3470 713 3536 amittere
745 3467 791 3555 (6)
816 3495 832 3528 a
852 3488 966 3555 neque
997 3488 1017 3531 a
1043 3465 1126 3532 tletu
1161 3465 1387 3535 abstinuisset
1414 3465 1473 3555 (7),
1503 3466 1566 3534 boc
1596 3468 1669 3557 ipso

554 3574 821 3641 laudabiliorem
836 3573 1001 3639 virtutem
1014 3582 1125 3639 'suam
1145 3572 1254 3640 tuisse
1270 3570 1501 3662 praedicabat,
1522 3595 1629 3662 quam
1645 3575 1672 3639 si

557 3687 696 3771 propter
718 3679 906 3769 quamdam
939 3680 1046 3745 animi
1065 3679 1231 3745 duritiam
1261 3685 1441 3767 susceptos
1466 3701 1529 3768 pro
1561 3681 1673 3769 patria

556 3787 690 3854 dolores
720 3788 835 3854 minus
859 3788 1025 3855 sensisset
1047 3788 1102 3876 (8).
1128 3788 1240 3877 Atque
1270 3784 1335 3853 hac
1359 3785 1401 3854 de
1429 3787 1583 3854 discessu
1611 3810 1671 3854 suo

554 3896 790 3986 disputatione
809 3894 964 3962 ornanda
988 3900 1021 3962 et
1045 3893 1291 3985 amplificanda
1311 3894 1351 3961 ad
1376 3916 1453 3961 eam
1480 3894 1535 3961 sui
1564 3896 1673 3985 ipsius

587 4081 619 4143 (t)
631 4067 796 4129 Haec'verba
810 4094 843 4129 ex
855 4082 925 4129 orat.
935 4079 964 4129 P.
977 4079 1097 4138 Manena,
1116 4080 1139 4136 6,
1152 4077 1296 4136 sumimus
1310 4090 1379 4139 quae
1390 4089 1473 4125 causa
1485 4079 1549 4126 ante
1564 4078 1672 4126 tertiam

554 4154 705 4201 orationem
720 4152 747 4200 in
763 4151 908 4201 Catilinam
927 4151 1048 4200 habitam
1066 4150 1137 4199 dicta
1150 4153 1200 4208 est,
1216 4149 1305 4198 —sed
1323 4147 1432 4197 easdem
1454 4146 1508 4197 tere
1524 4151 1673 4198 sententias

554 4223 708 4273 invenimus
731 4222 759 4271 in
783 4225 849 4272 orat.
864 4223 892 4271 in
908 4221 1051 4271 Catilinam
1066 4220 1109 4279 lV,
1125 4222 1207 4281 11-13,
1237 4222 1264 4270 et
1280 4221 1308 4269 in
1323 4222 1390 4268 orat.
1416 4220 1444 4268 P.
1460 4218 1546 4278 Sulla,
1570 4222 1592 4278 t,
1609 4223 1632 4280 t,
1649 4222 1672 4283 8,

555 4297 592 4354 ta,
605 4298 642 4354 8t,
657 4297 697 4352 93,
714 4308 785 4343 anno
800 4298 862 4358 post
876 4294 985 4356 habita;
997 4293 1029 4342 cl.
1044 4293 1127 4342 eliani
1143 4312 1153 4336 t
1170 4293 1207 4340 De
1220 4293 1296 4341 clamo
1309 4306 1358 4340 saa
1375 4310 1396 4348 n,
1412 4292 1451 4339 el.

586 4367 618 4426 (2)
634 4366 672 4415 ct.
687 4367 723 4414 De
734 4367 811 4413 (tomo
821 4380 878 4423 saa,
892 4368 921 4414 95
939 4383 944 4413 :
962 4386 972 4408 «
984 4365 1154 4414 Exstincturn
1170 4366 1211 4414 est
1219 4364 1276 4425 iam
1290 4362 1354 4413 illud
1366 4360 1542 4412 maledictum
1553 4363 1670 4413 crudeli-

553 4439 616 4487 tatis
630 4475 645 4486 ..
664 4454 669 4484 :
687 4436 760 4485 aliud
774 4439 899 4486 exortum
917 4441 958 4487 est
973 4454 978 4484 :
1000 4436 1126 4497 objicitur
1140 4436 1207 4484 mihi
1228 4448 1305 4485 meus
1318 4433 1366 4483 ille
1389 4434 1557 4484 discessus..
1578 4449 1611 4495 ›=;
1634 4436 1667 4485 P.

553 4509 674 4569 Plancio,
691 4510 730 4557 86.

586 4582 617 4643 (3)
634 4580 672 4629 Cl.
691 4580 812 4628 Dedomo
825 4593 883 4637 saa,
901 4581 939 4639 56,
956 4582 998 4640 583
1012 4579 1040 4626 P.
1053 4577 1146 4635 Sestio,
1161 4580 1190 4627 36
1206 4591 1264 4641 sqq.

585 4653 617 4716 (t)
634 4651 672 4701 Cf.
684 4654 712 4700 Ρ.
729 4650 822 4709 Sestio,
838 4652 925 4709 43312.
940 4650 1060 4708 Plancis,
1078 4650 1121 4698 86.

584 4726 618 4788 ts»)
633 4726 683 4772 t’ro
693 4724 785 4781 Sestio,
802 4725 850 4771 st:
867 4723 933 4772 haec
958 4721 990 4772 de
1010 4722 1040 4781 Q.
1058 4720 1165 4770 Metello
1191 4720 1325 4779 dicuntur,
1348 4722 1425 4784 cujus
1452 4734 1515 4770 cum
1541 4721 1665 4771 cessione

554 4796 645 4846 Cicero
658 4809 737 4845 suam
752 4794 808 4858 ipse
821 4796 967 4858 comparat.

585 4868 617 4928 tot
633 4871 660 4917 et
674 4866 706 4929 (i)
721 4865 759 4914 Cl.
782 4866 816 4914 ne
830 4867 906 4914 domo
920 4879 979 4925 saa,
995 4866 1033 4924 ss,
1047 4864 1086 4911 er.

585 4941 618 5001 (8)
633 4938 710 4996 thid,
726 4939 816 4999 st·98;
838 4939 865 4989 P.
885 4938 978 4995 Sestio,
991 4938 1030 4984 ta.
1048 4961 1076 4972 -
1099 4933 1138 4985 Ct.
1168 4933 1289 4984 Similem
1314 4936 1480 4985 sententiam
1501 4936 1530 4984 in
1558 4934 1665 4985 Pascal.
