4467 6167
1095 814 1269 880 ,53-

624 978 660 1044 in
679 978 814 1045 curiam
832 977 876 1066 (1)
899 1005 929 1044 »,
957 976 1036 1053 Sed,
1055 978 1115 1067 qui
1137 977 1266 1046 Catone
1286 978 1447 1047 audiente
1466 980 1550 1047 talia
1571 979 1743 1051 disseren-

622 1089 693 1151 tem
710 1106 746 1151 se
762 1082 922 1165 faciebat,
935 1082 1026 1151 idem
1040 1082 1196 1173 ejusdem
1209 1084 1349 1153 Catonis
1363 1086 1522 1176 exemplo
1535 1087 1741 1178 proferendo

621 1189 707 1257 alias
729 1190 918 1271 fatebatur,
940 1191 982 1257 ab
1011 1198 1148 1258 oratore
1168 1191 1259 1258 effici
1280 1214 1392 1281 posse,
1423 1200 1462 1260 ut
1485 1194 1581 1283 ipsae
1609 1196 1740 1264 Stoico·

624 1318 701 1363 rum
729 1298 921 1364 sententiae
945 1296 988 1364 ad
1003 1320 1107 1365 usum
1135 1298 1339 1388 popularem
1372 1305 1406 1366 et
1424 1301 1564 1367 civilem
1588 1303 1739 1391 quodam

621 1403 723 1471 modo
743 1404 1091 1471 accommodarentur
1113 1425 1120 1469 :
1139 1404 1233 1472 hunc
1256 1407 1349 1472 enim
1371 1405 1549 1493 Catonern,
1567 1449 1609 1458 -—
1638 1408 1739 1499 cujus

620 1511 755 1578 dicendi
770 1511 971 1579 facultatem
988 1519 1154 1601 tanquam
1175 1513 1391 1602 singularem
1416 1514 1452 1580 in
1468 1514 1581 1582 Stoico
1598 1516 1739 1583 homine

619 1640 731 1706 neque
752 1640 834 1685 sane
854 1618 1086 1685 aStoioorum
1107 1618 1291 1709 disciplina
1309 1625 1484 1710 acceptam
1509 1620 1520 1710 ζ
1524 1623 1558 1706 2)
1574 1622 1610 1687 in
1631 1625 1737 1689 Bruto

617 1724 792 1796 laudabat.
824 1763 865 1774 -
891 1726 924 1791 in
948 1756 963 1785 (ι
989 1732 1150 1808 Παραδόξων
1173 1755 1188 1787 »
1221 1729 1399 1816 prooemio
1433 1731 1735 1809 commemoravit,

622 1861 636 1893 l
657 1833 692 1897 in
719 1839 841 1899 senatu
861 1832 954 1900 locos
969 1856 1091 1922 graves
1112 1857 1153 1902 ex
1174 1833 1397 1924 philosophia
1418 1840 1565 1903 tractare
1594 1837 1735 1904 solitum

617 1960 691 2006 esse
707 1938 933 2006 abhorrentes
957 1936 999 2003 ab
1022 1960 1086 2004 usu
1106 1938 1237 2005 forensi
1253 1945 1286 2004 et
1307 1938 1493 2027 publico»,
1516 1939 1576 2007 sed
1597 1940 1733 2008 adhibi-

616 2047 659 2113 tis
686 2047 847 2113 oratoriis
868 2046 1084 2112 ornamentis
1103 2045 1169 2112 hoc
1189 2052 1304 2112 tamen
1330 2053 1556 2113 consecutum
1581 2071 1669 2124 esse,
1696 2055 1735 2115 ut

616 2176 667 2231 ea,
686 2176 774 2242 quae
803 2176 869 2220 non
892 2174 974 2219 sane
1004 2151 1234 2241 probarentur
1263 2152 1297 2217 in
1316 2153 1455 2241 vulgus
1478 2154 1583 2220 etiam
1603 2156 1732 2243 populo

616 2257 808 2346 probabilia
836 2256 981 2325 dicendo
1011 2257 1132 2325 fierent
1153 2258 1214 2346 (3).
1238 2257 1277 2323 Et
1297 2278 1394 2339 vere,
1416 2259 1501 2325 dum
1526 2261 1603 2350 ipsa
1624 2263 1732 2329 stoica

614 2366 800 2432 verborum
818 2364 988 2431 acerbitas
1015 2371 1074 2431 aut
1090 2363 1312 2452 rejiciebatur
1331 2372 1389 2430 aut
1405 2374 1497 2433 certe
1516 2365 1655 2435 dicendi
1676 2391 1731 2434 or-

612 2472 785 2538 namentis
801 2472 900 2561 quasi
912 2471 1068 2538 involuta
1081 2470 1347 2557 obtundebatur,
1359 2473 1611 2540 extenuabatur
1626 2476 1730 2541 etiam

612 2576 645 2644 id
662 2579 793 2668 ipsum,
824 2600 893 2667 quo
913 2601 1054 2645 ornnem
1081 2579 1279 2645 Stoicorum
1306 2602 1324 2645 a
1346 2581 1585 2669 Peripateticis
1605 2581 1730 2648 discre-

612 2687 767 2775 pantiam
785 2685 902 2753 Cicero
926 2686 1049 2753 referri
1076 2684 1215 2753 volebat
1233 2716 1241 2754 :
1262 2686 1355 2775 qu'od
1373 2688 1514 2775 quidem
1544 2689 1592 2756 ita
1622 2690 1729 2757 fuisse

610 2794 683 2882 ipse
705 2792 822 2860 Cicero
843 2793 1015 2882 significat
1044 2795 1079 2858 in
1108 2800 1233 2879 quarto
1249 2792 1290 2859 de
1317 2793 1463 2876 Fimbria,
1486 2794 1558 2877 ubi,
1577 2820 1664 2885 quae
1687 2797 1728 2864 de

609 2898 796 2967 verborum
812 2899 855 2966 ab
871 2921 936 2965 usu
954 2900 1112 2989 populari
1129 2899 1395 2965 abhorrentium
1432 2929 1440 2963 r
1462 2903 1656 2978 inanitate»
1679 2904 1727 2993 (l)

610 3005 730 3072 Catoni
749 3005 946 3071 Stoicorum
964 3011 1107 3093 patrono
1133 3003 1264 3092 objicit,
1282 3026 1321 3069 ea
1338 3004 1406 3070 huc
1421 3008 1605 3089 convertit,
1633 3009 1725 3097 quod

612 3142 627 3173 (ι
657 3113 721 3178 ista
751 3106 972 3201 philosophia
1003 3111 1180 3177 communi
1202 3132 1299 3175 more
1325 3110 1361 3175 in
1386 3112 1460 3178 foro
1480 3113 1655 3202 loquatur,
1686 3116 1722 3181 in

607 3218 734 3286 libellis
757 3241 820 3285 suo
840 3218 887 3308 (5)
906 3243 948 3302 »3
975 3240 1088 3306 neque
1115 3218 1222 3306 igitur
1246 3224 1376 3284 temere
1393 3218 1429 3284 in
1456 3221 1608 3286 secundo
1633 3220 1723 3288 libro

605 3327 856 3415 Epicureorum
876 3325 1069 3407 sententiis,
1092 3345 1241 3413 quasue
1266 3346 1348 3389 suos
1376 3325 1515 3413 quidem
1537 3334 1723 3395 sectatores

605 3433 638 3499 in
669 3431 824 3522 publicos
850 3438 1041 3499 conventus
1071 3431 1227 3520 proferre
1255 3452 1402 3497 ausuros
1423 3455 1497 3500 esse
1530 3433 1720 3517 contendit,

604 3538 799 3629 opponebat
812 3571 824 3592 u
836 3539 907 3620 illa,
918 3561 1007 3627 quae
1023 3538 1260 3627 Peripatetici,
1271 3527 1359 3624 quae
1373 3539 1478 3606 Stoici
1493 3540 1611 3607 dicunt
1629 3543 1673 3629 (6)
1688 3570 1719 3621 a,

605 3647 859 3737 proindequasi
880 3653 1109 3732 utrorumque
1134 3644 1324 3711 sententiae
1348 3646 1530 3734 conjuncte
1559 3648 1600 3714 ad
1617 3671 1720 3715 usum

603 3754 776 3821 forensem
802 3752 950 3842 proferri
975 3758 1009 3818 et
1035 3759 1176 3840 possent
1208 3756 1240 3817 et
1273 3748 1435 3820 solerent.
1469 3754 1537 3821 Nec
1570 3777 1653 3821 vero
1677 3755 1719 3822 ad

601 3866 756 3927 nostram
784 3860 1010 3948 scriptionem
1036 3858 1152 3942 refert,
1183 3858 1384 3925 Ciceronem
1412 3858 1453 3926 de
1478 3860 1675 3928 Stoicorum
1700 3884 1719 3928 a

630 4106 668 4169 (l)
683 4104 724 4154 uf.
742 4106 781 4154 De
795 4104 893 4162 renio,
904 4105 947 4163 lv,
959 4106 997 4152 21.

633 4178 665 4239 (2)
680 4177 730 4227 Sed
743 4192 756 4225 u
772 4191 788 4226 a
802 4176 908 4225 dicendi
923 4175 1061 4240 magistris
1079 4191 1100 4233 u,
1127 4178 1255 4225 naturam
1270 4190 1335 4225 sane
1356 4176 1559 4239 adiuvantibus.
1577 4178 1614 4226 Cf.
1631 4180 1715 4238 Brut,

601 4249 645 4297 119
661 4248 705 4305 (cf.
722 4262 813 4312 supra,
829 4262 855 4311 p.
871 4249 921 4309 49).

631 4323 663 4382 (3)
677 4320 739 4384 Ipsa
750 4319 874 4369 Tulliana
883 4318 966 4367 verba
980 4319 1149 4381 excerpimus
1163 4332 1195 4366 er
1208 4320 1340 4369 l'uradox.
1352 4322 1501 4383 prooemio,
1515 4322 1565 4371 1-3.

631 4394 664 4451 tl)
675 4391 749 4441 Sicut
760 4390 825 4439 dicit
837 4391 875 4438 De
887 4389 965 4437 Fim'b
978 4427 984 4447 ,
1001 4390 1044 4446 lV,
1061 4392 1099 4437 23.
1110 4416 1140 4424 -
1151 4389 1190 4438 hd
1198 4409 1208 4433 a
1226 4389 1462 4440 condemnandam
1478 4393 1561 4441 istam
1572 4394 1714 4443 verborum

597 4462 757 4512 inanitatem
772 4477 785 4510 ri
803 4462 892 4512 Cicero
907 4463 958 4511 boc
973 4461 1033 4511 loco
1054 4462 1140 4510 utitur
1154 4461 1240 4524 ipsius
1254 4462 1374 4511 Panaetii
1402 4466 1423 4523 (u
1443 4463 1596 4513 Stoicorum
1619 4466 1715 4529 princi-

596 4534 648 4597 pis,
665 4554 676 4577 »
688 4536 719 4583 ut
731 4534 829 4583 dicitur
844 4534 880 4582 De
899 4533 1028 4589 Diuiuct„
1045 4532 1063 4590 l,
1080 4534 1108 4591 63
1120 4533 1153 4590 ll,
1170 4533 1207 4590 ΕΠ)
1225 4533 1357 4596 exemplo,
1374 4536 1420 4596 qui
1435 4534 1487 4584 alio
1514 4534 1574 4583 loco
1586 4536 1632 4596 (De
1644 4536 1713 4594 Fin,

597 4604 640 4662 lv,
656 4608 694 4666 79)
711 4604 809 4654 dicitur
823 4608 945 4654 veterum
972 4604 1152 4653 Stoicorum«
1169 4604 1306 4652 tristitiam
1322 4606 1401 4666 atque
1418 4607 1591 4669 asperitatem
1613 4606 1713 4669 fugisse

595 4690 645 4726 nec
660 4676 835 4726 acerbitatem
850 4676 1046 4725 sententiarum
1054 4689 1105 4724 nec
1127 4674 1275 4724 disserendi
1290 4676 1381 4738 spinas
1396 4675 1556 4739 probavisse
1573 4696 1594 4725 a.
1616 4677 1664 4739 (Cf.
1682 4678 1713 4726 du

595 4746 692 4796 eodem
705 4763 718 4796 u
734 4746 769 4796 ad
780 4761 861 4795 usum
871 4747 1029 4810 popularem
1048 4749 1129 4809 atque
1139 4746 1246 4795 civilem
1269 4747 1301 4795 de
1322 4746 1460 4810 republica
1475 4748 1623 4796 disserente
1637 4763 1659 4807 u,
1674 4750 1713 4797 De

595 4818 745 4883 Lepib.,lll,
760 4820 808 4880 ll.)

627 4892 659 4953 (5)
673 4891 709 4940 De
726 4889 823 4947 Finit„
839 4889 933 4946 1V,2·2.

626 4964 660 5023 (6)
674 4960 820 5020 ΒεΡίηίὺ.,
831 4960 864 5018 ll,
878 4962 916 5009 76.
933 4959 971 5009 Cf.
991 4961 1078 5014 Tunc„
1094 4960 1139 5017 ΙΙΙ,
1152 4961 1191 5009 51.
