4467 6167
1165 840 1341 907 ..Alp-

695 1014 847 1104 ipsuma
878 1011 1062 1105 Socraticis
1082 1009 1302 1078 sermonibus
1324 1007 1506 1097 repetiisse
1533 1028 1553 1072 a
1580 1004 1703 1072 Crasso
1728 1004 1819 1073 dici-

699 1127 756 1187 tur
776 1121 822 1210 (l)
841 1141 848 1185 :
865 1119 925 1187 sed
940 1116 1028 1185 illud
1049 1116 1266 1185 Socraticum
1286 1112 1480 1181 disserendi
1505 1135 1615 1199 genus
1642 1113 1821 1181 Arcesilas

697 1250 737 1295 eo
751 1226 992 1294 immutavisse
1012 1226 1163 1304 videtur,
1185 1222 1276 1313 quod
1294 1224 1452 1290 Socrates
1471 1222 1685 1289 minutarum
1705 1222 1818 1291 inter-

699 1332 1022 1422 rogatiuncularum
1046 1332 1238 1400 subtilitate
1258 1331 1372 1419 potius
1395 1328 1624 1418 uteretur(2),
1641 1329 1820 1397 Arcesilas

701 1463 781 1508 vero
797 1438 1192 1528 orationemperpetuam
1220 1436 1387 1504 libentius
1407 1434 1605 1503 adhibuerit
1629 1433 1676 1525 (3)
1695 1460 1704 1519 3
1728 1435 1820 1504 hanc

699 1553 791 1615 certe
806 1546 849 1613 ab
877 1546 1032 1613 Arcesila
1061 1539 1255 1612 institutam
1275 1549 1394 1610 contra
1415 1564 1531 1621 omne,
1549 1541 1641 1631 quod
1658 1544 1819 1632 proposi-

699 1662 773 1721 tum
790 1659 891 1731 asset,
916 1651 1108 1720 disserendi
1135 1651 1306 1719 rationem
1341 1648 1533 1716 Carneades
1559 1648 1691 1737 majore
1710 1650 1819 1716 etiam

697 1761 836 1850 copiose
851 1766 1040 1848 ornateque
1053 1756 1191 1825 dicendi
1207 1756 1371 1824 facultate
1387 1755 1622 1821 illustraverat
1642 1754 1701 1842 (l).
1724 1776 1819 1821 eam·

699 1889 766 1955 que
786 1867 1084 1955 praestantissimo
1105 1864 1324 1953 eloquentiae
1347 1862 1505 1951 exemplo
1535 1859 1817 1928 commendatam

699 1972 927 2041 sectatoribus
959 1972 1033 2038 suis
1063 1970 1263 2038 tradiderat.
1299 1970 1421 2058 ltaque
1458 1969 1633 2035 Antonius
1673 1989 1713 2035 eo
1741 1968 1818 2035 loco

701 2080 820 2170 (quem
832 2079 934 2147 modo
951 2075 1238 2166 memoravimus)
1256 2072 1436 2164 (spubide
1449 2071 1561 2139 tribus
1575 2072 1644 2139 illis
1661 2071 1817 2162 philoso-

700 2187 779 2276 phis
790 2186 1059 2254 Atheniensium
1071 2183 1163 2273 apud
1179 2188 1338 2249 senatum
1350 2180 1473 2270 legatis
1493 2179 1662 2267 loquitur,
1676 2218 1718 2228 -
1732 2177 1817 2246 dum

700 2293 854 2362 Critolao
874 2293 1105 2381 Peripatetico
1131 2297 1271 2380 propter
1289 2287 1416 2355 tradita
1445 2286 1642 2353 Aristotelis
1674 2286 1819 2353 inventa

700 2399 778 2490 plus
793 2421 898 2489 quam
911 2399 1056 2486 Diogeni
1072 2397 1187 2464 Stoico
1203 2395 1401 2463 adoratoris
1419 2417 1520 2461 usum
1535 2393 1673 2475 tribuit,
1687 2433 1729 2445 -
1746 2416 1816 2460 non

701 2506 832 2594 injuria
846 2505 994 2594 ponebat
1008 2506 1098 2571 inter
1128 2504 1318 2571 Critolaum
1343 2502 1506 2570 eumdem
1537 2508 1571 2568 et
1603 2501 1816 2570 Carneadem

700 2612 789 2679 hauc
804 2611 1048 2693 differentiam,
1064 2609 1155 2700 quod
1167 2611 1255 2678 alter
1270 2608 1312 2677 ad
1327 2609 1472 2676 oratorii
1496 2607 1601 2676 studii
1628 2608 1816 2676 utilitatem

670 2737 673 2741 “
702 2725 884 2807 praecepta
903 2741 985 2785 saue
1009 2720 1159 2789 afferret.
1182 2718 1325 2785 alterius
1346 2738 1428 2784 vero
1461 2716 1537 2805 ipsa
1557 2744 1573 2778 «
1597 2716 1649 2782 vis
1668 2714 1817 2783 incredi-

702 2825 780 2891 bilis
808 2824 944 2892 dicendi
970 2832 1002 2892 cl
1032 2827 1186 2892 varietas
1217 2851 1233 2884 »
1266 2824 1393 2889 oratori
1414 2823 1565 2891 maxime
1586 2851 1600 2883 Ι(
1626 2822 1813 2911 optanda»

700 2937 791 3000 esset
804 2932 861 3021 (6).
882 2934 1007 3021 Atque,
1025 2938 1063 2998 ut
1083 2953 1203 3020 parem
1234 2929 1370 2997 dicendi
1399 2929 1601 2996 facultatem
1631 2928 1816 2997 Carneadis

699 3041 862 3130 discipuli
873 3062 943 3108 non
958 3024 1107 3106 assecuti
1124 3047 1238 3107 essent
1254 3039 1314 3125 (Ι),
1331 3039 1406 3127 ipse
1425 3044 1516 3104 certe
1547 3035 1817 3126 philosophandi

699 3148 823 3215 modus
834 3146 877 3214 ad
888 3146 1114 3214 exercendam
1124 3146 1357 3236 eloquentiam
1372 3146 1521 3211 maxime
1537 3141 1816 3211 accommodatus

700 3277 761 3341 per
777 3277 835 3321 eos
856 3253 1055 3321 remanebat
1087 3254 1129 3339 (8)
1150 3275 1280 3342 :quam
1301 3251 1442 3340 quidem
1471 3250 1646 3338 duplicem
1667 3248 1816 3315 Carnea-

699 3360 774 3426 diao
790 3359 993 3448 disciplinae
1008 3361 1080 3425 vim
1097 3360 1294 3446 exprimens
1309 3358 1409 3424 Philo
1424 3357 1594 3424 recentior
1609 3353 1816 3422 Academiae

699 3467 843 3533 antistes
855 3467 1030 3554 propriam
1046 3466 1227 3533 rhetorum
1248 3465 1530 3532 exercitationem
1557 3485 1636 3530 cum
1664 3460 1816 3551 philoso-

731 3701 763 3761 (1)
782 3699 819 3750 Cf.
836 3702 874 3750 De
888 3702 931 3751 Or.
950 3703 994 3760 ΙΙΙ,
1015 3704 1043 3751 dt
1062 3703 1084 3763 (a
1105 3714 1263 3764 quanquam
1279 3700 1306 3749 id
1328 3700 1379 3750 tuit
1405 3700 1572 3750 Socraticum
1589 3699 1707 3749 maxime
1718 3700 1740 3764 r)
1757 3714 1764 3761 ς
1782 3700 1817 3750 De

699 3770 785 3819 Finit.
798 3772 830 3829 ΙΙ,
851 3775 873 3820 2.

731 3844 764 3906 (2)
779 3864 789 3886 ιι
805 3844 895 3894 Potius
914 3862 925 3891 »
940 3844 1060 3904 dicimus,
1074 3859 1144 3893 non:
1161 3843 1240 3893 unice
1255 3858 1261 3903 3
1277 3846 1379 3893 namet
1399 3844 1426 3891 in
1440 3843 1533 3892 multis
1548 3842 1664 3907 dialogis
1678 3843 1817 3907 praeclaro

699 3912 853 3978 longiorum
866 3917 1020 3965 orationum
1033 3916 1156 3980 exempla
1171 3917 1235 3964 sunt
1249 3919 1274 3964 ct
1284 3915 1313 3963 in
1326 3913 1442 3978 dialogo,
1454 3915 1501 3978 qui
1514 3913 1648 3978 Sopbirtcs
1660 3915 1817 3965 inscribitur

700 3985 735 4048 (p.
750 3988 793 4035 tlt
807 3988 847 4049 D),
859 3988 917 4051 ipse
939 3988 1063 4038 Socrates
1086 3988 1227 4052 optionem
1240 3988 1310 4037 inter
1326 3984 1478 4036 orationem
1492 3988 1650 4050 perpetuam
1666 3988 1693 4035 et
1704 3986 1815 4035 interro·

698 4057 870 4119 gatiuuculas
886 4060 1018 4123 proponit.
1037 4060 1070 4108 Et
1085 4074 1150 4110 sane
1172 4059 1272 4117 Cicero,
1300 4072 1457 4121 quanquam
1482 4072 1561 4107 suam
1592 4057 1746 4107 Platonicae
1762 4058 1813 4107 elo

699 4129 826 4190 quentiae
839 4130 1048 4181 admirationem
1060 4144 1116 4180 non
1132 4129 1217 4180 semel
1229 4130 1401 4193 significavit,
1416 4132 1552 4179 oratorem
1576 4143 1632 4178 non
1653 4129 1707 4178 nisi
1722 4128 1756 4179 ad
1775 4130 1816 4179 vi-

699 4203 795 4261 gentes
809 4204 897 4251 aetate
914 4216 964 4251 sua
975 4202 1166 4266 philosophias
1181 4202 1364 4251 convertebat.

731 4272 763 4332 (3)
789 4272 948 4335 Quanquam
969 4274 1122 4336 patiebatur
1145 4272 1180 4335 (id
1200 4271 1272 4335 quod
1295 4274 1393 4336 postea
1418 4286 1474 4321 non
1499 4272 1640 4335 remansit)
1673 4286 1747 4330 eum,
1768 4274 1815 4337 qui

699 4341 855 4474 ppdipbant,
885 4344 973 4407 quoad
1013 4348 1139 4408 poterant
1178 4344 1342 4394 sententiam
1376 4358 1454 4394 suam
1479 4343 1622 4393 defendere
1651 4345 1699 4407 (De
1727 4343 1815 4393 Finib.

727 4483 760 4544 (Ι)
776 4484 814 4532 (ΙΙ.
829 4485 912 4533 Acud.
920 4486 1004 4549 prior.
1024 4487 1056 4543 ΙΙ,
1070 4488 1112 4535 60:
1130 4506 1141 4530 a
1157 4523 1173 4534 ,,
1189 4487 1243 4534 nisi
1258 4489 1334 4536 tanta
1350 4486 1378 4534 in
1392 4485 1519 4545 Arcesila,
1535 4487 1621 4537 multo
1634 4487 1722 4549 major
1733 4488 1816 4537 etiam

701 4554 730 4602 in
745 4555 879 4606 Carneade
888 4560 914 4605 et
927 4559 1005 4621 copia
1019 4571 1110 4607 rerum
1124 4560 1149 4607 et
1165 4557 1272 4607 dicendi
1286 4560 1327 4607 vis
1338 4557 1445 4607 suisset.
1463 4575 1474 4604 »

732 4629 765 4687 (5)
780 4627 818 4675 Cf.
837 4641 925 4691 supra,
938 4643 962 4692 p.
976 4631 1005 4677 (θ

733 4700 766 4758 (6,Ι
784 4699 822 4748 ct.
838 4700 876 4747 lte
893 4700 946 4758 Ora,
963 4702 995 4758 ΙΙ,
1010 4701 1121 4748 (ὅθ-161.

733 4771 767 4831 (ΙΙ
782 4771 943 4833 Quanquam
969 4772 1040 4819 inter
1057 4783 1103 4818 cos
1122 4771 1256 4830 nonnulli,
1272 4774 1347 4823 velut
1362 4771 1536 4829 Charmadas,
1552 4773 1708 4837 eloquentia
1723 4777 1749 4824 et
1764 4774 1818 4838 ipsi

699 4842 900 4903 praestiterunt.

732 4913 766 4971 (8.
778 4914 816 4962 Eo
829 4912 925 4963 saltem
940 4917 1061 4977 tempore
1076 4926 1139 4974 quo,
1153 4907 1324 4966 adolescente
1333 4916 1467 4975 Cicerone,
1483 4916 1597 4967 Crassus
1610 4916 1725 4981 loquens
1739 4917 1818 4968 indu-

700 4984 777 5035 citur.
794 4985 832 5035 (ΙΙ.
848 5000 937 5050 supra,
954 5001 980 5050 p.
996 4988 1034 5042 39,
1051 4998 1078 5033 n.
1092 4986 1117 5031 5.
