4467 6167
1036 852 1229 917 -lll—

563 1024 706 1113 quentia
738 1022 944 1089 affinitatem
967 1018 1253 1110 persequebatur,
1284 1020 1313 1086 is
1338 1022 1475 1087 nescius
1503 1021 1579 1106 fuit,
1603 1022 1682 1090 Car-

565 1130 686 1198 neadis
707 1129 773 1197 hoc
802 1129 981 1219 proprium
1008 1127 1126 1212 tuisse,
1153 1132 1191 1192 ut
1215 1148 1255 1192 ea
1279 1126 1440 1210 formula,
1457 1151 1525 1218 qua
1540 1128 1681 1218 quidem

566 1236 771 1304 Aristoteles
792 1258 860 1301 non
877 1233 1089 1301 rhetoricam
1108 1234 1233 1318 solum,
1255 1232 1312 1301 sed
1331 1261 1345 1294 α
1364 1233 1610 1302 dialecticam»
1633 1234 1680 1326 (l)

565 1366 704 1433 quoque
724 1342 917 1424 definierat,
934 1340 975 1407 ad
990 1362 1130 1408 omnem
1144 1338 1677 1430 philosophiamtransferretur;

564 1473 677 1540 neque
693 1451 802 1539 igitur
826 1446 1028 1539 imprudens
1044 1454 1233 1538 utrumque
1260 1449 1400 1528 modum
1427 1448 1532 1538 hujus
1553 1453 1681 1519 exerci-

564 1556 708 1623 tationis
728 1555 770 1622 ab
790 1555 961 1623 oratoriae
980 1555 1211 1621 institutionis
1231 1557 1379 1623 utilitate
1394 1558 1445 1643 (iu
1461 1579 1530 1646 qua
1551 1559 1681 1625 utrius·

564 1685 632 1753 que
653 1665 818 1731 virtutem
838 1663 910 1730 tere
932 1662 1179 1748 confundebat)
1202 1662 1245 1729 ad
1271 1663 1555 1731 commoditatem
1584 1666 1681 1733 inve-

564 1771 684 1837 niendi
703 1799 716 1831 a
740 1769 824 1860 quid
840 1771 874 1836 in
896 1791 1035 1859 quaque
1050 1792 1085 1836 re
1097 1770 1288 1838 verisimile
1302 1777 1394 1837 esset
1416 1799 1431 1831 »
1458 1772 1505 1858 (2)
1521 1812 1565 1820 -
1578 1771 1680 1861 (quae

565 1877 750 1945 Carneadis
762 1878 904 1967 propria
913 1874 1181 1966 philosophandi
1191 1877 1344 1945 formula
1353 1879 1440 1963 erat)
1449 1877 1681 1967 —coujuncte

563 1983 776 2051 traducebat.
794 1982 989 2073 thuidem
1009 1989 1158 2072 utroque
1177 2006 1304 2073 genere
1324 2006 1405 2052 eum
1418 1989 1574 2052 utentem
1587 1984 1681 2054 vide·

565 2113 643 2157 mus
656 2092 750 2158 ineis
769 2090 882 2172 libris,
902 2113 988 2179 quos
1003 2089 1045 2158 de
1061 2090 1212 2179 propriis
1232 2090 1474 2181 philosophiae
1489 2092 1574 2159 locis
1585 2116 1678 2160 cons·

562 2193 695 2287 cripsit.
714 2196 792 2287 lpse
813 2198 906 2264 enirn
923 2219 985 2264 nos
1001 2194 1178 2276 admouet,
1202 2220 1237 2264 se
1251 2198 1287 2263 in
1302 2198 1507 2266 Tusculanis
1524 2198 1681 2289 disputa-

561 2303 716 2371 tionibus
729 2304 775 2394 (3)
793 2305 970 2393 propriam
982 2304 1273 2371 Academicorum
1290 2328 1305 2370 a
1322 2311 1441 2372 contra
1461 2307 1679 2395 propositum

561 2409 761 2499 disputandi
791 2410 1081 2478 consuetudinem
1104 2434 1120 2475 a
1141 2414 1299 2477 secutum
1320 2432 1395 2477 esse
1420 2410 1479 2500 (4),
1503 2410 1545 2478 ab
1571 2434 1680 2502 eaque

561 2517 639 2584 illos
652 2518 738 2584 alios
753 2517 860 2584 libros
872 2524 1009 2608 separat
1022 2517 1078 2606 (5),
1098 2539 1184 2606 quos
1201 2517 1248 2583 ita
1261 2518 1456 2607 composuit
1476 2517 1532 2605 (6),
1556 2550 1571 2583 «
1585 2525 1624 2586 ut
1644 2522 1679 2585 in

562 2630 750 2712 utramque
784 2630 918 2710 partem
948 2624 1377 2713 perpetua'explicaretur
1407 2626 1517 2692 oratio
1550 2653 1565 2685 u
1602 2626 1675 2715 (7);

564 2752 767 2820 quanquam
790 2730 865 2820 ipse
881 2732 983 2798 etiam
1010 2731 1232 2817 significavit,
1251 2730 1340 2797 hanc
1357 2732 1587 2822 componendi
1604 2733 1679 2799 for-

562 2859 670 2922 mam,
692 2860 798 2927 quarn
819 2837 970 2906 inlibris
992 2838 1032 2904 de
1051 2838 1192 2904 Finibus
1206 2840 1370 2904 donorum
1390 2837 1605 2905 etmalorum
1625 2862 1678 2907 se·

562 2951 728 3033 queretur
740 2945 799 3031 (8),
814 2944 857 3011 ad
869 2946 969 3012 illum
988 2943 1217 3011 Carneadium
1235 2944 1376 3012 modurn
1392 2947 1548 3012 revocari
1564 2969 1676 3035 posse,

561 3052 609 3118 ita
633 3052 812 3118 dumtaxat
839 3053 1079 3133 immutatum,
1097 3060 1136 3125 ut
1151 3052 1193 3130 is,
1217 3052 1277 3140 qui
1309 3075 1326 3116 <r
1352 3074 1480 3141 ponere
1503 3051 1676 3141 aliquid»

557 3157 677 3248 jussus
708 3165 800 3226 esset
832 3158 889 3248 (9),
927 3191 942 3219 u
970 3181 1042 3226 non
1076 3157 1178 3225 modo
1222 3158 1363 3242 diceret,
1400 3158 1483 3247 quid
1519 3161 1675 3241 sentiret,

562 3264 620 3332 sed
660 3266 766 3333 etiarn
796 3288 857 3332 cur
886 3293 902 3327 a
925 3266 1008 3355 (40),
1028 3288 1142 3355 neque
1168 3266 1236 3332 nisi
1257 3271 1333 3355 post
1363 3265 1436 3355 ejus
1470 3268 1677 3334 sententiam

591 3515 674 3577 (4)(14.
690 3515 801 3564 Aristot.
816 3516 920 3578 Topica,
943 3514 990 3563 lib.
1008 3515 1026 3571 l,
1042 3528 1103 3578 cap.
1125 3515 1147 3563 l.

594 3587 627 3648 (2)
640 3586 670 3635 ld
681 3590 747 3635 uteo
756 3585 826 3643 loco,
834 3600 915 3649 quem
923 3601 955 3635 ex
963 3585 1010 3634 lib.
1021 3587 1056 3633 De
1065 3585 1107 3633 Or.
1119 3586 1163 3645 ΙΙΙ,
1175 3587 1213 3641 79,
1224 3585 1404 3648 excerpimus,
1414 3586 1487 3635 itain
1496 3583 1643 3642 Terentii,
1654 3587 1677 3645 9,

561 3659 747 3724 significatur:
764 3676 777 3704 «
795 3660 887 3720 ltaque
913 3658 981 3706 mihi
1010 3671 1116 3720 semper
1137 3658 1375 3719 Peripateticorum
1387 3657 1602 3719 Academiaeque
1615 3671 1678 3706 con·

559 3729 674 3780 suetudo
688 3729 719 3778 de
734 3730 862 3778 omnibus
875 3729 955 3778 rebus
976 3729 1004 3777 in
1025 3729 1175 3777 contrarias
1198 3730 1288 3791 partes
1312 3728 1461 3778 disserendi
1487 3743 1542 3777 non
1568 3729 1678 3777 obeam

558 3815 670 3852 causam
683 3801 773 3849 solum
787 3801 898 3863 placuit,
911 3799 981 3863 quod
1006 3798 1084 3849 aliter
1108 3813 1165 3848 non
1179 3802 1282 3861 posset,
1298 3797 1361 3861 quid
1386 3798 1415 3846 in
1440 3813 1546 3861 quaque
1561 3813 1589 3847 re
1612 3799 1679 3847 veri-

558 3873 648 3921 simile
657 3872 872 3932 esset,inveniri,
886 3871 932 3921 sed
945 3872 1028 3921 etiam
1043 3870 1115 3933 quod
1126 3872 1200 3919 esset
1210 3884 1242 3919 ea
1251 3883 1380 3919 maxuma
1392 3869 1498 3919 dicendi
1511 3871 1675 3919 exercitatio

558 3944 616 4003 Qua
627 3944 829 4007 princepsusus
843 3946 885 3993 est
895 3943 1084 3992 Aristoteles...
1103 3944 1154 3991 etc.
1172 3959 1184 3982 a

588 4015 625 4076 (3)
643 4016 731 4077 Atque
749 4015 832 4063 etiam
848 4016 876 4063 in
893 4014 962 4063 libro
977 4014 1010 4062 de
1024 4014 1098 4063 Fato.
1111 4012 1159 4075 (Cf.
1175 4012 1213 4061 De
1224 4012 1301 4072 Fato,
1313 4015 1340 4071 13
1356 4013 1390 4073 4.)

591 4086 625 4149 (4)
640 4086 676 4134 Cf.
693 4085 797 4135 Tuscul.
815 4086 835 4146 l,
855 4088 913 4146 l-8;
929 4087 967 4133 De
983 4085 1059 4146 Fato,
1076 4088 1099 4135 4.

589 4157 622 4220 (5)
639 4156 676 4207 Cf.
690 4158 727 4205 De
741 4156 816 4216 Fato,
833 4161 854 4206 4.
868 4157 905 4207 Cf.
920 4158 957 4205 De
967 4157 1054 4205 Finit.
1069 4158 1100 4216 V,
1117 4158 1156 4206 10.

589 4229 622 4289 (6)
636 4229 695 4291 lpse
710 4228 834 4292 designat
849 4229 933 4279 libros
953 4230 985 4277 de
1000 4229 1106 4277 Natura
1121 4228 1230 4277 deorum
1245 4228 1316 4276 etde
1339 4227 1518 4291 Divinatione,
1535 4228 1582 4277 sed
1609 4232 1679 4293 ejus.

558 4299 619 4349 dem
635 4301 740 4365 generis
752 4303 816 4349 sunt
830 4301 890 4349 libri
908 4302 940 4349 de
952 4300 1062 4348 Finibus
1077 4302 1159 4362 atque
1172 4300 1347 4348 Academica.
1646 4334 1648 4339 .

590 4372 621 4430 (Τ)
638 4370 732 4420 Addit:
746 4390 755 4415 a
772 4372 829 4430 Quo
846 4372 953 4421 facilius
965 4372 991 4420 id
1007 4385 1145 4434 equoque
1161 4370 1329 4435 probaretur,
1343 4369 1414 4433 quod
1442 4372 1539 4435 cuique
1559 4373 1678 4423 maxime

556 4442 696 4506 probabile
707 4442 875 4493 videretur»
891 4444 932 4503 (de
949 4443 1024 4499 Fato,
1040 4444 1072 4505 4).

588 4515 621 4575 (8)
638 4514 731 4562 Eam«
751 4514 939 4564 Aristoteliam
968 4529 1097 4565 morem»
1121 4514 1256 4578 appellare
1282 4514 1347 4563 licet
1374 4513 1420 4576 (ds.
1440 4515 1473 4564 de
1492 4515 1538 4565 Or.
1564 4517 1677 4578 lituo),

557 4598 713 4648 quanquam
730 4585 819 4634 eidem
834 4585 1011 4649 appellationi
1019 4587 1095 4635 aliud
1121 4587 1205 4636 etiam
1217 4586 1307 4635 Cicero
1329 4585 1461 4646 subjicere
1483 4586 1596 4644 videtur,
1614 4587 1678 4638 dum

557 4656 595 4716 (in
606 4657 644 4719 Ep
658 4660 691 4704 st.
708 4657 909 4714 adalhelmi,
921 4659 959 4719 52),
973 4672 1037 4708 suos
1052 4659 1136 4707 libros
1147 4657 1208 4730 περὶ
1217 4655 1300 4711 τελῶν
1308 4657 1339 4706 ad
1348 4657 1546 4708 «Aristoteliam
1556 4673 1660 4709 morem
1668 4688 1676 4705 .,

555 4726 646 4786 refert,
663 4747 674 4771 «ι
688 4728 716 4776 in
732 4742 784 4790 quo
797 4742 886 4777 sermo
904 4730 942 4777 ita
951 4730 1089 4779 inducitur
1101 4731 1261 4789 ceterorum,
1278 4733 1308 4779 ut
1322 4742 1405 4793 penes
1426 4730 1517 4793 ipsum
1542 4732 1578 4781 sit
1603 4733 1677 4795 prin-

556 4797 661 4860 cipatus
679 4798 776 4858 »lnam
789 4799 823 4847 ab
839 4799 908 4862 ipsis
921 4801 1075 4849 Aristotelis
1091 4800 1206 4865 dialogis
1220 4802 1269 4850 hoc
1283 4800 1437 4864 exemplum
1455 4801 1621 4867 ducebatur).
1638 4804 1676 4853 Dc

556 4873 645 4918 cetero
660 4869 692 4918 cl.
710 4871 896 4920 Baumhauer:
913 4873 945 4921 de
966 4872 1157 4921 Aristoteliam
1168 4874 1196 4921 in
1213 4873 1348 4923 Ciceronis
1364 4874 1481 4939 scriptia,
1499 4876 1567 4925 4844.

588 4942 620 5002 (9)
633 4940 708 4989 Sicut
720 4941 818 4991 dicitur
835 4943 910 4991 Taso.
927 4944 945 5001 l,
956 4944 984 5004 l,
996 4945 1029 4993 de
1043 4943 1120 5005 Fato,
1136 4947 1159 4994 4.

588 5011 638 5074 (10)
654 5010 685 5061 Cf
705 5014 737 5061 de
752 5013 844 5069 uinta,
860 5013 890 5073 ll,
906 5017 950 5062 2-3
1011 5078 1018 5094 .
