4467 6167
1133 876 1306 943 -18-

665 1051 729 1124 est,
746 1046 902 1127 Crassus,
923 1045 978 1111 cui
995 1044 1067 1111 fere
1087 1044 1197 1112 invito
1222 1044 1270 1131 (Ι)
1291 1066 1332 1111 ea
1359 1066 1439 1133 pars
1455 1045 1634 1114 tractanda
1652 1047 1787 1117 tributa

665 1161 729 1233 est,
739 1153 893 1241 primurn
909 1149 1166 1235 animadvertit,
1185 1180 1200 1212 Ι
1213 1151 1419 1229 Antonium,
1432 1173 1566 1218 -cum
1579 1152 1644 1220 sibi
1661 1152 1703 1222 de
1720 1156 1786 1238 eis,

664 1281 752 1347 quae
767 1257 834 1326 dici
850 1258 892 1325 ab
910 1264 1045 1325 oratore
1061 1264 1249 1347 oporteret,
1266 1264 1434 1337 sumeret,
1458 1258 1523 1347 ipsi
1540 1266 1655 1327 autem
1679 1262 1789 1329 relin-

663 1374 797 1455 queret,
813 1375 851 1432 ut
870 1365 1116 1453 explicaretur,
1136 1363 1433 1453 quemadmodum
1457 1365 1518 1432 illa
1542 1370 1659 1434 ornari
1680 1391 1785 1459 opor-

662 1478 762 1554 teret,
781 1494 872 1538 -ea
887 1471 1059 1552 divisisse,
1073 1495 1160 1560 quae
1175 1470 1331 1562 sejuncta
1346 1493 1421 1538 esse
1434 1493 1503 1537 non
1516 1478 1658 1561 possent
1671 1476 1723 1564 (2)
1743 1505 1759 1539 »
1778 1504 1786 1556 ;

663 1585 766 1667 atque
783 1577 847 1645 hac
862 1580 937 1667 ipsa
950 1578 1081 1644 ratione
1100 1577 1237 1657 ductuS,
1256 1577 1339 1644 dum
1367 1575 1409 1643 ad
1434 1600 1534 1645 suam
1560 1578 1601 1646 de
1626 1607 1642 1640 «
1661 1589 1786 1649 ornate

662 1692 811 1774 apteque
848 1683 993 1751 dicendo
1024 1684 1071 1771 (3)
1105 1712 1121 1746 n
1170 1684 1442 1773 disputationem
1484 1686 1697 1775 aggreditur,
1745 1709 1787 1755 ea

663 1791 798 1880 repetit,
819 1813 908 1880 quae
922 1790 964 1858 de
985 1790 1227 1881 philosophiae
1242 1790 1285 1857 ad
1300 1791 1538 1881 eloquentiam
1557 1792 1783 1881 adjunctione

662 1900 699 1964 in
714 1898 804 1966 libro
824 1899 937 1989 primo
957 1898 1206 1966 affirmaverat.
1229 1897 1296 1965 Sed
1317 1897 1420 1987 hujus
1439 1899 1489 1964 rei
1512 1905 1595 1965 tunc
1616 1899 1784 1967 demons-

662 2005 766 2071 tratio
780 2004 824 2072 ab
839 2005 1003 2072 universa
1019 2004 1243 2095 philosophia
1259 2027 1320 2094 per
1334 2011 1465 2072 certam
1479 2006 1699 2094 singularum
1714 2007 1785 2075 dis-

661 2112 873 2201 ciplinarum
904 2111 1220 2180 considerationem
1257 2111 1300 2179 ad
1332 2111 1552 2179 subtiliorem
1590 2113 1781 2202 quamdam

662 2219 833 2286 rationem
854 2219 1061 2302 traducitur,
1083 2242 1190 2309 quern
1210 2220 1244 2286 in
1263 2219 1359 2286 aliud
1374 2226 1513 2308 tempus
1537 2219 1580 2287 ad
1600 2220 1783 2309 explicari·

661 2323 746 2392 dum
776 2325 982 2408 differimus,
1004 2325 1174 2416 cujusque
1208 2326 1351 2416 propria
1381 2327 1412 2394 vi
1434 2326 1599 2395 adversas
1632 2327 1780 2394 Antonii

661 2433 812 2500 rationes
849 2434 920 2501 fere
964 2432 1107 2501 dissolvi
1154 2432 1363 2501 videbimus.
1407 2434 1451 2501 Et
1497 2432 1651 2522 quidem,
1700 2455 1782 2500 oum

662 2540 807 2607 Crassus
823 2541 859 2606 in
880 2540 944 2607 hac
961 2563 1024 2607 sua
1043 2540 1279 2629 disputatione
1299 2540 1333 2607 id
1349 2541 1455 2607 etiam
1471 2539 1667 2623 confirmat,
1685 2539 1779 2629 quod

661 2648 774 2737 primo
785 2647 873 2714 libro
889 2647 937 2738 (Ι)
952 2646 1198 2728 declaraverat,
1216 2670 1264 2726 se,
1277 2648 1443 2736 quoniam
1455 2646 1497 2713 de
1512 2653 1648 2713 oratore
1661 2646 1782 2736 dispu-

661 2760 765 2835 tetur,
788 2753 830 2821 de
855 2782 870 2815 «
899 2777 1037 2821 summo
1060 2783 1074 2815 »
1097 2755 1192 2844 loqui
1213 2762 1245 2822 et
1269 2755 1359 2823 velle
1384 2761 1417 2822 et
1436 2753 1573 2835 debere,
1597 2760 1782 2843 propterea

662 2860 753 2949 quod
771 2889 785 2919 (ι
804 2862 856 2929 vis
870 2867 903 2928 et
919 2867 1042 2928 natura
1058 2861 1121 2945 rei,
1138 2862 1206 2927 nisi
1221 2862 1371 2951 perfecta
1387 2868 1466 2928 ante
1481 2860 1601 2927 oculos
1615 2866 1778 2950 ponatur,

660 2967 774 3055 qualis
788 2974 820 3034 et
834 2974 963 3057 quanta
978 2970 1023 3034 sit
1039 2968 1187 3056 intelligi
1205 2990 1274 3035 non
1291 2969 1397 3057 possit
1420 2967 1467 3057 (5)
1486 2995 1517 3050 u,
1538 3005 1573 3015 -
1596 2972 1672 3033 tum
1692 2967 1781 3036 illud

660 3074 765 3157 addit,
793 3075 884 3164 quod
910 3076 1059 3143 Antonio
1084 3082 1199 3142 tantae
1226 3073 1572 3165 comprehendendae
1602 3073 1781 3142 doctrinae

659 3182 901 3250 difficultatem
917 3180 1093 3271 objicienti
1117 3182 1165 3271 (6)
1188 3182 1396 3272 respondere
1410 3181 1581 3263 videatur,
1606 3210 1620 3243 α
1642 3180 1780 3249 adeam

659 3294 912 3377 assequendam
942 3311 1010 3355 non
1030 3294 1168 3355 tantum
1198 3289 1379 3377 ingenioso
1412 3287 1547 3355 homini
1577 3295 1610 3355 et
1639 3288 1685 3373 ei,
1716 3289 1777 3378 qui

659 3397 786 3478 forum,
805 3397 864 3485 qui
878 3396 1022 3476 curiam,
1040 3396 1099 3484 qui
1116 3418 1251 3480 causas,
1274 3397 1336 3485 qui
1355 3396 1607 3485 rempublicam
1628 3402 1775 3485 spectet,

658 3525 747 3591 opus
767 3524 842 3568 esse
872 3501 1052 3590 temporiS,
1082 3507 1253 3590 quantum
1280 3500 1346 3567 sibi
1366 3502 1397 3567 ei
1429 3502 1657 3592 sumpserint,
1686 3524 1776 3591 quos

659 3610 829 3676 discentes
858 3610 928 3676 vita
956 3608 1103 3675 defecit:
1136 3631 1256 3675 omnes
1283 3610 1377 3675 enim
1407 3616 1499 3675 artes
1530 3610 1630 3676 aliter
1662 3609 1777 3678 abeis

656 3716 809 3800 tractari,
833 3716 892 3805 qui
909 3738 966 3782 eas
995 3715 1037 3782 ad
1064 3737 1168 3782 usum
1187 3715 1411 3800 transferant,
1433 3716 1536 3783 aliter
1560 3715 1685 3797 abeis,
1710 3718 1773 3806 qui

657 3822 815 3912 ipsarum
839 3823 968 3889 artium
989 3828 1138 3890 tractatu
1158 3821 1316 3889 delectati
1332 3821 1476 3888 nihilin
1493 3824 1565 3890 vita
1585 3824 1651 3890 sint
1678 3824 1774 3891 aliud

656 3932 767 3997 acturi
788 3930 832 4018 (7)
856 3950 897 3997 »;
934 3952 1003 4018 qua
1025 3931 1240 3997 correctione
1265 3928 1419 3996 adhibita
1449 3929 1564 3997 Crassi
1594 3931 1771 3998 sententia

655 4037 773 4104 minus
797 4037 903 4104 etiam
922 4036 1042 4104 abesse
1061 4035 1201 4104 videtur
1215 4035 1258 4102 ab
1276 4036 1337 4103 illa
1355 4038 1389 4102 in
1406 4038 1616 4104 contrariam
1634 4044 1771 4126 partem

656 4143 904 4233 disputatione,
939 4166 1008 4232 qua
1039 4143 1215 4209 Antonius
1249 4143 1298 4209 sic
1332 4142 1516 4225 statuebat,
1549 4171 1565 4204 «
1598 4144 1771 4232 quoniam

656 4250 791 4318 dicendi
807 4250 953 4317 facultas
971 4273 1040 4317 non
1062 4248 1201 4317 deberet
1220 4272 1295 4316 csse
1310 4248 1432 4339 jejuna
1455 4257 1559 4339 atque
1584 4249 1691 4334 nuda,
1708 4251 1768 4318 sed

686 4519 720 4580 (Ι)
736 4516 777 4567 Cf.
796 4518 829 4578 ll,
843 4518 896 4565 366.

687 4591 720 4652 (2)
736 4590 782 4647 ΙΙΙ,
800 4590 845 4649 l93
861 4588 895 4638 of.
912 4590 951 4636 ΙΙ.

687 4662 719 4723 (3)
740 4661 888 4722 Postquam
901 4659 1020 4722 primum
1048 4658 1080 4708 de
1095 4678 1107 4702 «
1123 4658 1207 4708 latine
1227 4657 1361 4721 planeque
1383 4654 1497 4706 dicendo
1518 4674 1529 4698 Ι
1553 4654 1663 4705 brevius
1682 4654 1775 4720 dispu-

655 4734 743 4782 tatum
757 4733 807 4788 est,
824 4730 869 4789 ΙΙΙ,
885 4730 967 4779 38-51.

687 4806 718 4865 (Ι)
734 4803 754 4862 Ι,
770 4804 831 4863 2643
849 4801 882 4851 el.
900 4815 989 4864 supra,
1003 4815 1028 4865 p.
1046 4804 1074 4851 15
1091 4800 1128 4860 (n.
1147 4800 1197 4863 12).

686 4875 718 4936 (5)
732 4873 779 4933 ΙΙΙ,
795 4876 879 4923 84-85.

685 4946 717 5008 (6)
733 4945 770 4995 Cf.
782 4960 872 5009 supra,
887 4960 913 5009 p.
932 4948 961 4994 12
976 4945 1012 5008 (n.
1026 4944 1080 5007 6-Ι)
1093 4947 1121 4994 et
1136 4944 1164 4992 Ιῦ
1180 4944 1216 5007 (n.
1230 4944 1278 5006 ΙΙΙ).

685 5020 717 5079 (Ι)
728 5017 774 5076 ΙΙΙ,
788 5019 826 5076 86,
843 5032 916 5081 sqq.;
933 5045 962 5053 -
973 5016 1006 5066 cf.
1019 5017 1063 5075 ill,
1082 5016 1194 5064 trs-tat.
