4467 6167
1024 804 1202 871 ..95-

555 966 605 1033 sic
620 964 767 1046 dicebat,
791 993 806 1027 «
838 965 932 1055 ipsos
962 966 1028 1034 sibi
1049 968 1163 1036 videri
1200 975 1439 1058 praeceptores
1468 982 1500 1035 et
1529 969 1670 1036 virtutis

555 1074 756 1161 magistros,
776 1094 863 1162 quos
880 1072 962 1140 Cato
982 1074 1081 1163 sequi
1102 1097 1138 1141 se
1162 1074 1396 1164 profiteretur,
1431 1076 1515 1143 fines
1540 1076 1674 1144 officio·

556 1179 919 1270 rumpauloiongius,
955 1203 1060 1272 quam
1088 1188 1214 1249 natura
1245 1182 1361 1262 veliet,
1391 1182 1589 1271 protulisse,
1622 1198 1674 1264 ue,

556 1309 632 1353 cum
650 1285 698 1353 ad
709 1286 868 1355 ultimum
880 1286 995 1353 animo
1005 1286 1297 1355 contendissemua
1307 1286 1356 1353 ibi
1367 1288 1561 1369 ramecuii
1571 1312 1671 1379 opor·

556 1406 654 1476 teret,
670 1392 921 1460 consisteremus
938 1393 1026 1481 »(1).
1047 1395 1090 1460 Et
1109 1393 1263 1482 quidem,
1286 1399 1452 1483 tanquam
1474 1394 1569 1461 iilius
1598 1395 1675 1463 doc·

556 1499 669 1567 trinae
682 1501 718 1565 in
734 1500 911 1567 mitiorem
927 1506 1061 1589 partem
1074 1500 1355 1590 interpretandae
1380 1500 1538 1591 exempla
1557 1502 1676 1569 Catoni

557 1604 771 1696 proponebat
814 1607 1026 1673 clarissimos
1068 1607 1164 1675 viros
1207 1607 1404 1697 Scipionem
1452 1609 1602 1676 maxime
1643 1614 1675 1676 et
1743 1593 1746 1598 ’

557 1712 594 1780 C.
618 1712 786 1799 Laelium,
807 1734 893 1802 quos
909 1736 950 1780 ex
974 1713 1094 1780 eodem
1110 1713 1225 1781 studio
1255 1713 1409 1781 eruditos
1439 1737 1508 1781 non
1546 1715 1674 1783 idcirco

556 1820 749 1909 asperiores
770 1820 877 1887 factos
901 1842 976 1887 esse
991 1820 1103 1888 aiebat
1130 1822 1202 1908 (2);
1226 1844 1376 1910 quorum
1393 1820 1534 1910 quidem
1555 1844 1673 1889 exem-

558 1926 654 2015 plum
674 1926 758 1993 dum
774 1928 1064 1994 Academicorum
1085 1930 1276 2018 praeceptis
1306 1929 1353 1995 ita
1369 1927 1557 2017 adjungere
1578 1928 1674 1997 vide·

555 2039 625 2114 tur,
646 2055 717 2100 non
736 2039 776 2100 ut
792 2057 808 2098 c
825 2033 917 2125 apud
938 2035 1118 2123 imperitos
1136 2059 1152 2100 r
1169 2057 1274 2124 agens
1302 2034 1349 2124 (3)
1372 2035 1475 2102 talem
1502 2036 1677 2103 confusio-

557 2161 637 2206 nem
653 2139 850 2224 inducebat,
868 2140 927 2207 sed
940 2142 1134 2207 orationem
1148 2164 1247 2208 suam
1264 2140 1306 2209 ad
1320 2142 1409 2208 hanc
1423 2145 1593 2209 rationem
1605 2142 1676 2211 fere

556 2246 739 2336 dirigebat,
761 2270 868 2337 quam
895 2253 1034 2315 secutus
1053 2249 1100 2335 (t)
1117 2255 1156 2315 ut
1171 2248 1401 2339 philosophus
1418 2250 1467 2316 sic
1483 2248 1673 2328 contendit,

555 2352 844 2420 Academicorum
872 2353 1140 2445 Stoicorumque
1167 2356 1203 2422 in
1230 2355 1344 2423 verbis
1380 2358 1490 2445 magis
1510 2380 1614 2446 quam
1637 2358 1673 2423 in

556 2460 659 2526 rebus
677 2483 817 2527 omnem
837 2460 1088 2528 dissensionem
1106 2462 1213 2530 fuisse
1237 2482 1245 2530 :
1263 2485 1304 2530 ex
1324 2487 1392 2553 quo
1409 2487 1490 2530 sane
1506 2463 1676 2532 efficieba-

556 2573 626 2646 tur,
660 2590 737 2649 eam
768 2567 1021 2634 dissensionem
1055 2569 1114 2644 vix
1136 2568 1210 2656 jam
1248 2592 1427 2658 apparere,
1465 2571 1493 2636 si
1530 2592 1570 2637 ea
1602 2592 1675 2636 ma-

556 2675 776 2764 gnificentior
808 2674 995 2741 verborum
1025 2677 1221 2756 ostentatio,
1256 2698 1361 2765 quam
1392 2677 1498 2743 Stoici
1519 2676 1677 2743 induxis-

558 2786 635 2847 sent
647 2782 709 2871 (5)‚
726 2781 768 2849 ad
782 2803 886 2848 usum
907 2783 998 2848 vitae
1019 2782 1258 2871 redigeretur..

599 2889 672 2955 Hac
707 2887 827 2955 eadem
858 2889 991 2954 ratione
1024 2895 1126 2956 utens
1160 2890 1195 2956 in
1227 2890 1373 2957 Archiae
1408 2890 1554 2979 judicio,
1591 2892 1674 2959 dum

556 2993 758 3060 eorumdem
779 2995 948 3077 virorum,
979 2996 1147 3078 Africani,
1174 2996 1296 3080 Laelii,
1326 2998 1362 3065 L.
1383 2998 1491 3077 Furii,
1515 2998 1676 3087 exempla

556 3122 595 3167 eo
615 3102 760 3168 oonsilio
777 3100 986 3190 proferebat,
1008 3108 1046 3169 ut
1059 3103 1280 3192 signiticaret,
1298 3105 1380 3194 quid
1412 3132 1427 3166 a
1451 3105 1672 3194 praeclarum

555 3229 595 3274 ac
612 3208 790 3298 singulare
810 3232 824 3271 n
841 3210 883 3275 ad
913 3215 1074 3277 naturam
1097 3212 1259 3277 eximiam
1286 3218 1317 3276 et
1343 3210 1515 3277 illustrem
1542 3239 1555 3269 α
1587 3210 1675 3278 ratio

556 3313 726 3403 quaedam
742 3315 1039 3404 conformatioque
1055 3315 1230 3384 doctrinae
1253 3345 1268 3379 »
1290 3316 1495 3407 adjungeret
1509 3316 1569 3407 (6),
1590 3357 1629 3365 -
1657 3341 1676 3384 a

557 3422 753 3489 Stoicorum
768 3422 936 3504 doctrina,
955 3445 1023 3512 qua
1050 3424 1271 3512 potissimum
1288 3426 1367 3491 ilios
1392 3424 1546 3491 eruditos
1567 3424 1674 3490 fuisse

554 3529 744 3614 constabat,
762 3552 805 3597 ne
834 3552 1013 3597 secernere
1042 3530 1183 3619 quidem
1212 3530 1396 3599 videbatur
1415 3554 1492 3599 eam
1517 3531 1673 3620 discipli-

555 3657 651 3720 nam,
675 3658 694 3702 a
716 3658 785 3724 qua
812 3637 886 3725 ipse
906 3659 942 3704 se
960 3636 1122 3703 didicisse
1140 3637 1374 3726 profitebatur,
1396 3668 1410 3699 «
1438 3637 1526 3705 nihil
1549 3661 1622 3705 esse
1640 3638 1675 3703 in

555 3743 843 3832 vitamopnopere
862 3746 906 3829 (7)
922 3744 1155 3833 expetendum
1176 3744 1243 3810 nisi
1269 3744 1406 3812 laudem
1428 3752 1532 3835 atque
1549 3745 1674 3812 hones·

555 3856 674 3929 tatem,
689 3852 725 3917 in
742 3873 781 3918 ea
795 3856 912 3919 autem
932 3852 1172 3941 persequenda
1186 3875 1307 3920 omnes
1320 3853 1493 3919 cruciatus
1506 3852 1674 3941 corporis,

587 4112 619 4175 (1)
636 4114 666 4163 P.
695 4114 816 4173 Murena,
833 4116 861 4163 65
878 4128 884 4161 :
901 4141 930 4149 -
941 4113 1012 4176 quod
1027 4126 1083 4163 non
1093 4113 1212 4164 multum
1233 4112 1311 4161 abest
1326 4111 1359 4161 ah
1375 4110 1423 4166 eis,
1440 4123 1508 4172 quae
1529 4108 1561 4158 de
1578 4108 1676 4158 Stoicis

555 4184 584 4233 in
599 4187 719 4234 extremo
735 4185 823 4247 quinti
833 4186 870 4234 De
883 4184 992 4233 Finibus
1007 4188 1081 4248 parte
1097 4186 1135 4246 (Π
1147 4186 1206 4247 sqq)
1222 4185 1249 4233 et
1272 4184 1301 4231 in
1319 4184 1340 4233 V
1355 4180 1459 4231 Tuscul.
1479 4180 1570 4230 Cicero
1599 4178 1677 4229 dixit.

587 4257 666 4318 (211).
683 4256 804 4315 Murena,
820 4260 859 4305 66.

587 4328 620 4390 (at
635 4328 796 4391 Quanquam
816 4328 880 4377 huic
898 4330 998 4378 rationi
1011 4344 1039 4379 se
1064 4328 1164 4392 aliquid
1181 4327 1350 4376 concessisse
1367 4324 1502 4387 significat
1518 4324 1565 4386 (Dc
1579 4322 1677 4382 Finis„

555 4398 598 4459 lV,
614 4402 662 4462 74),
677 4400 724 4449 sed
737 4400 855 4448 maxime
867 4401 895 4448 in
911 4401 959 4460 eis,
973 4415 1041 4463 quae
1058 4400 1090 4449 de
1104 4401 1197 4448 stoicis
1212 4398 1354 4447 sententiis
1370 4397 1551 4445 disseruisset.

586 4473 618 4533 (t)
632 4473 665 4521 Et
680 4487 696 4521 a
707 4470 843 4521 Carneade
856 4471 966 4535 quidem
975 4472 1119 4536 repetitam
1130 4470 1177 4534 (Gt.
1193 4472 1228 4518 De
1243 4469 1329 4517 Finit.
1341 4469 1442 4529 ill,tt);
1452 4466 1490 4517 Cf.
1502 4482 1591 4531 supra,
1602 4482 1627 4531 p.
1637 4469 1675 4515 52·

587 4545 619 4605 (5)
632 4544 709 4593 Sicut
724 4543 816 4592 Cicero
826 4543 950 4601 explicat,
968 4544 996 4591 in
1009 4542 1077 4592 libro
1089 4544 1178 4603 leDe
1193 4540 1314 4590 Finibus

585 4615 616 4677 (6)
628 4616 657 4663 P.
674 4614 782 4673 Archia,
798 4616 826 4663 15
840 4617 880 4665 ii.
901 4616 970 4664 Nam
986 4615 1056 4678 quod
1072 4636 1082 4657 «
1100 4617 1164 4664 Cato
1190 4612 1236 4662 ille
1263 4626 1367 4662 senex»
1389 4612 1431 4661 his
1452 4611 1610 4674 adjungitur
1637 4611 1676 4673 (Ρ.

554 4686 634 4747 Mor„
646 4689 689 4746 663
705 4688 735 4735 P.
752 4685 844 4745 Aren,
863 4689 909 4746 16),
922 4687 948 4735 id
961 4687 994 4736 ad
1008 4688 1144 4736 rationem
1157 4685 1240 4735 aliam
1252 4684 1346 4734 reterri
1368 4683 1457 4742 debet,
1474 4682 1506 4732 de
1522 4697 1575 4746 qua
1595 4681 1675 4745 paulo

555 4756 625 4807 intra
634 4757 765 4808 dicemus.

586 4830 618 4892 (Ί)
635 4830 679 4879 Sic
702 4828 857 4878 Academici
881 4828 1025 4879 dicebant:
1042 4829 1127 4879 Stoici
1140 4832 1232 4879 autom
1258 4847 1269 4872 ι(
1288 4827 1367 4877 unice
1386 4847 1408 4884 r,
1424 4839 1581 4889 quanquam
1607 4824 1676 4873 alias

554 4902 636 4950 etiam
652 4914 761 4950 resnou
776 4901 948 4964 expetendos,
965 4900 1011 4951 sed
1026 4902 1169 4949 sternendas
1182 4914 1239 4949 esse
1255 4899 1364 4949 aiebant
1382 4895 1574 4973 (προηγμένα).
1589 4896 1627 4945 Gi.
1640 4897 1677 4945 ire

554 4972 613 5021 Fin.
631 4973 725 5031 ivai.
